3420 5556
639 1428 1090 1561 APPENDIX.

239 1847 368 1915 Restat
389 1855 430 1915 ut
453 1845 497 1914 de
520 1845 639 1915 codice
664 1845 704 1921 Β,
728 1849 830 1915 cuius
855 1856 990 1933 partem
1016 1868 1119 1933 opere
1143 1847 1301 1919 conlecto
1338 1870 1393 1917 me
1417 1847 1587 1938 collatam

139 1954 317 2038 accepisse
341 1973 449 2038 supra
472 1953 757 2030 commemoravi,
780 1954 890 2022 verba
912 1952 1049 2020 faciem.
1083 2016 1085 2021 ⁴

240 2055 429 2124 Lectiones
455 2053 587 2124 codicis
611 2058 649 2122 in
673 2063 884 2141 apparatum
908 2058 1068 2125 criticum
1085 2059 1230 2137 inserui,
1254 2057 1415 2125 hocloco
1433 2059 1589 2143 primurn

140 2160 434 2246 subscriptiones,
459 2179 610 2246 querum
642 2179 725 2245 pers
756 2161 887 2229 mirum
915 2162 960 2253 vin
994 2159 1142 2229 modum
1174 2162 1217 2230 ab
1251 2163 1375 2230 ceteris
1407 2159 1591 2230 codicibus

139 2262 300 2343 discedit,
324 2270 410 2333 sunt
433 2261 775 2333 commemorandae.

242 2368 392 2454 Legitur
432 2370 469 2436 in
503 2367 575 2436 fine
603 2367 687 2436 libri
728 2370 758 2436 b.
791 2366 831 2436 G.
863 2366 931 2437 VII
968 2372 1098 2437 litteris
1133 2369 1357 2439 maiusculis:
1399 2369 1477 2434 Gaii
1510 2367 1594 2432 Jalii
1629 2370 1636 2379 '

143 2469 288 2536 Caesaris
310 2471 459 2535 historiae
491 2471 561 2535 belli
590 2470 715 2536 Galliae
744 2493 765 2534 a
794 2494 827 2535 se
859 2473 989 2553 eoafecti
1017 2472 1093 2536 liber
1125 2473 1193 2538 VII
1222 2474 1347 2554 explicit
1380 2472 1459 2537 Auli
1488 2472 1594 2536 Hircii
1626 2544 1628 2548 ,

131 2574 280 2658 prolopas
303 2574 377 2653 (sed
400 2576 490 2644 haec
514 2579 583 2644 trie
606 2577 715 2645 verba
738 2579 774 2644 in
799 2597 864 2644 res.
890 2576 1021 2645 litteris
1055 2577 1287 2658 minusculis;
1317 2577 1459 2646 videtur
1481 2577 1593 2646 luisse
1624 2581 1626 2585 ’

140 2679 331 2762 Ilaaqailli)
356 2681 418 2745 airi
440 2680 608 2745 clarissimi
633 2681 708 2745 liber
737 2681 823 2746 VIII
841 2682 952 2764 tricipit
975 2683 1045 2747 belli
1067 2683 1209 2747 eiusdem.

228 2785 331 2854 xitem
354 2788 391 2854 iu
414 2785 486 2854 fine
509 2785 570 2856 lib.
596 2785 699 2854 VIII:
724 2784 868 2851 Saeioaii
899 2789 958 2851 oiri
992 2789 1096 2869 (haec
1127 2788 1198 2858 duo
1222 2789 1331 2857 verbe
1360 2791 1397 2856 in
1422 2809 1501 2867 ras,
1524 2784 1587 2854 sed

138 2887 261 2959 eadem
290 2894 412 2970 manu)
442 2889 610 2954 clarissimi
640 2891 676 2954 de
705 2890 790 2954 bellis
819 2892 959 2956 civilitas
994 2890 1139 2956 Caesaris
1167 2893 1231 2958 Gai
1254 2892 1338 2957 Jalii
1369 2891 1445 2956 liber
1471 2891 1594 2972 primas

139 2994 256 3074 aaa.

241 3099 332 3168 Item
356 3107 440 3186 post
462 3101 496 3169 b.
522 3121 548 3168 c.
574 3097 671 3169 libi
696 3101 778 3181 (Hp
805 3099 949 3165 Saetoaii
976 3101 1154 3184 Tranquilli
1176 3103 1238 3166 uiri
1260 3101 1428 3166 clarissimi
1450 3101 1486 3163 ele
1508 3099 1615 3193 bellis·

139 3203 280 3268 civilitas
298 3203 446 3269 Caesaris
469 3204 544 3268 liber
567 3204 590 3267 I
608 3206 733 3286 eaplieit
755 3206 847 3285 (eapl.
866 3205 916 3269 lto.
933 3208 1111 3286 secandas),
1134 3207 1246 3287 *tricipii
1267 3207 1419 3271 scalellas
1441 3205 1612 3286 (tertias).¹

243 3308 340 3378 Item
357 3317 441 3395 pust
464 3311 496 3380 b.
515 3330 541 3377 e.
560 3309 628 3378 HI:
653 3308 795 3375 Saelaaii
813 3310 992 3391 Tranquilli
1013 3311 1075 3375 ciri
1098 3312 1265 3375 clarissimi
1287 3311 1323 3375 cle
1345 3309 1429 3374 bellis
1452 3307 1593 3372 ciuilibus

143 3409 290 3477 Caesaris
312 3413 437 3494 explicit
460 3413 535 3478 liber
558 3418 676 3492 tertias,
710 3414 821 3494 iaeipit
844 3414 919 3477 liber
941 3419 1074 3496 qaartas
1098 3415 1182 3480 Jalii
1214 3415 1414 3480 Coastaatiai
1450 3413 1595 3478 Caesaris

138 3516 249 3582 bellam
270 3517 532 3583 Aleaaadriaaa.

243 3622 333 3693 Item
357 3630 440 3709 post
462 3623 496 3692 b.
522 3621 596 3692 Al:
624 3621 766 3687 Saeteaii
791 3623 969 3704 Traaqailli
1003 3625 1039 3688 ele
1061 3623 1146 3688 bellis
1175 3624 1316 3688 eiailibas
1344 3623 1490 3687 Caesaris
1520 3621 1595 3684 liber

139 3730 274 3806 qaartas
295 3727 430 3808 eaplicit,
454 3727 567 3809 iacipit
590 3727 665 3792 liber
688 3728 817 3809 palatas
839 3728 875 3792 de
897 3729 971 3792 lello
994 3729 1128 3793 eiasdea
1152 3730 1185 3793 ia
1207 3729 1332 3809 Africa.
1617 3812 1620 3816 ¹

244 3831 334 3921 Item
357 3839 441 3918 post
463 3834 496 3902 b.
523 3832 595 3901 Al:
624 3830 766 3898 Saeieaii
791 3832 967 3913 Traiaailli
997 3834 1033 3896 de
1062 3832 1140 3897 bello
1170 3833 1314 3897 Caesaris
1336 3831 1492 3912 Africano
1522 3830 1596 3894 liber

139 3933 269 4016 palatas
291 3936 427 4019 explicit,
450 3938 563 4018 iacipii
586 3937 661 4001 liber
682 3942 787 4001 seatas
810 3937 846 4000 ele
868 3936 942 4002 bello
965 3938 1098 4002 eiasdea
1121 3938 1156 4001 ia
1178 3937 1348 4018 Hispania.

246 4039 290 4111 In
313 4039 386 4109 line
409 4040 542 4111 codicis
567 4041 667 4110 deest
690 4043 917 4128 subscriptio.

245 4143 433 4232 liquibus
458 4147 785 4233 subscriptionibus
809 4144 907 4214 haud
939 4149 1011 4215 seio
1043 4167 1088 4214 an
1121 4145 1252 4234 aliquis
1284 4143 1433 4229 colligat
1461 4140 1593 4212 codicis

141 4247 314 4332 originem
337 4270 359 4318 a
381 4254 515 4320 nostris
538 4250 645 4338 plane
669 4249 847 4319 diversam
871 4272 958 4319 esse.
1005 4249 1138 4320 Tamen
1162 4253 1194 4319 si
1216 4252 1297 4337 quis
1321 4249 1437 4329 facist,
1462 4247 1593 4329 errst1).

245 4353 359 4424 Immo
385 4357 588 4442 quicunque
612 4375 671 4423 eas
696 4363 890 4442 apparatus
913 4362 1044 4443 portes,
1068 4356 1200 4441 quibus
1215 4353 1387 4424 lectiones
1402 4353 1595 4422 Borbonici

142 4457 383 4541 continentur,
414 4457 614 4547 perlegerit,
649 4460 717 4528 hoc
759 4462 884 4529 stetim
933 4459 1119 4546 intelleget
1159 4458 1315 4530 codicem
1351 4457 1379 4525 B
1415 4459 1594 4526 artissimo

246 4736 269 4805 ¹)
288 4735 426 4797 Dubitari
443 4756 503 4798 non
520 4743 627 4810 potest,
658 4737 732 4809 quin
760 4736 995 4808 subscriptiones
1024 4755 1144 4808 quoque
1169 4737 1334 4801 debeantur
1361 4735 1458 4806 ipsius
1482 4734 1595 4795 codicis

138 4820 256 4881 librarii
272 4823 373 4884 sardio
391 4827 480 4896 etque
506 4825 668 4896 doctrinae,
696 4843 856 4896 perquem
878 4843 939 4884 non
966 4842 1060 4896 pauca
1077 4823 1207 4894 pessime
1235 4823 1414 4894 interpolate
1432 4840 1499 4881 esse
1517 4821 1596 4880 infre

44 4966 47 4973 .
139 4907 349 4979 explicabitur.
386 4910 452 4971 Hoc
470 4930 566 4971 unum
586 4915 708 4971 notetur
725 4911 818 4970 libros
836 4913 874 4971 de
892 4913 918 4970 b.
937 4911 971 4971 G.
982 4911 1094 4970 I—VII
1112 4912 1148 4970 ab
1167 4911 1224 4970 hoe
1240 4910 1360 4970 librario
1378 4928 1438 4968 non
1454 4909 1595 4969 Suetonio

138 5012 209 5057 esse
226 4994 401 5069 adscriptos,
420 4997 452 5056 id
470 4999 550 5069 quod
568 4999 680 5058 factum
698 5003 745 5059 est
762 4998 842 5069 apud
861 4996 1008 5069 Orosium,
1027 4996 1232 5070 Apollinarem
1251 4996 1416 5068 Sidonium,
1435 4997 1518 5056 alios.
