3420 5556
861 323 881 389 6

137 535 174 595 11
196 518 419 621 Mioder'rslri,
456 526 555 596 haud
585 548 663 596 raro
694 533 827 596 certare
857 547 939 596 cum
966 527 1157 597 Duebnero
1193 535 1228 598 et
1261 528 1445 599 lectiones
1464 530 1607 602 codicis-

141 630 299 700 Parisini
353 653 374 699 a
429 630 621 701 Duebnero
678 637 842 700 enotatas
899 652 1040 719 easque,
1094 652 1184 718 quae
1239 633 1394 702 multum
1439 634 1602 706 valerent

139 734 184 803 ad
229 735 418 805 Leidensis
465 738 639 821 originem
684 734 981 821 cognoscendam,
1026 759 1100 806 non
1150 736 1261 805 semel
1314 740 1467 807 omissas
1520 761 1601 808 esse

141 838 238 926 apud
268 838 570 924 Woelfflinum¹).
640 838 721 921 Qua
759 833 823 918 ,de
846 830 961 929 causa
1013 862 1094 909 cum
1131 843 1288 928 primum
1338 842 1406 910 hos
1459 842 1600 913 codices

142 943 260 1014 denuo
300 946 475 1031 inspicere
515 950 703 1035 oporteret,
740 940 880 1032 postea
903 930 1011 1014 etlam
1049 945 1142 1026 aliis,
1182 954 1269 1031 quot
1298 949 1401 1032 potui
1435 945 1607 1034 adipisci„

141 1048 367 1119 conferendis
386 1069 530 1135 operam
547 1047 639 1128 dedi,
662 1051 701 1117 in
725 1070 796 1135 qua
821 1072 857 1118 re
872 1045 1125 1119 liberalissime
1140 1072 1197 1118 me
1214 1048 1354 1118 adiuvit
1369 1048 1412 1116 R.
1429 1047 1599 1122 Reitzen-

144 1156 237 1222 stein
269 1155 451 1237 nragister,
494 1155 547 1221 cni
592 1154 636 1222 ob
677 1152 771 1222 hanc
803 1175 877 1223 rem
913 1158 1066 1241 gratiam
1100 1154 1216 1222 habeo
1253 1175 1361 1241 quam
1393 1157 1598 1226 maximam.

143 1258 333 1326 Praeterea
356 1257 468 1326 facere
484 1279 558 1326 non
573 1278 734 1344 possum,
759 1262 844 1345 quin
861 1262 995 1344 gratias
1013 1280 1118 1345 agam
1141 1266 1176 1327 et
1192 1260 1277 1327 viris
1296 1256 1422 1339 doctis,
1447 1280 1601 1345 quorum

142 1362 397 1433 benevolentia
420 1361 634 1432 collationes
657 1383 797 1432 mecum
820 1370 908 1432 sunt
930 1367 1223 1444 communicatae,
1247 1371 1282 1432 et
1296 1361 1600 1433 bibliothecarum

146 1466 373 1545 Dresdensis,
396 1465 594 1546 Leidensis,
619 1467 804 1536 Parisinae
826 1468 1026 1555 praefectis,
1055 1472 1116 1554 qui
1140 1466 1278 1538 codices
1302 1466 1540 1537 Rostochium
1564 1477 1602 1537 et

146 1569 340 1640 Suerinum
363 1569 560 1640 mittendos
584 1573 737 1656 benigne
761 1580 984 1642 curaverunt.
1087 1589 1090 1593 ·
1500 1568 1504 1572 ’

249 1674 329 1745 Το11
353 1674 477 1744 1111111
500 1682 586 1743 sunt
609 1678 755 1745 omnino
781 1698 844 1745 sex
868 1677 1025 1748 codices:

300 1786 328 1848 1.
352 1779 427 1849 cod.
457 1781 644 1849 Parisinus
669 1783 745 1849 sive
767 1780 960 1851 Thuaneus
1007 1779 1226 1850 contulimus
1250 1782 1407 1865 primurn
1430 1779 1599 1848 Reitzen-

351 1905 441 1953 saec.
466 1885 539 1954 XII
574 1884 619 1967 (P
654 1884 750 1970 apud
785 1883 961 1966 Woelffl,
1007 1889 1099 1953 stein
1124 1883 1251 1952 deinde
1281 1887 1359 1971 ipse
1386 1886 1606 1970 inspiciente·

351 1988 500 2076 Tapud
523 1988 656 2072 Dueb.)
1006 1990 1309 2067 Reitzensteinio,
1373 1997 1414 2057 ut
1472 1990 1605 2056 iterata·

299 2099 326 2162 2.
352 2092 427 2163 cod.
442 2093 631 2162 Leidensis
645 2092 735 2161 sae'c.
749 2092 823 2162 ΧΠ
839 2095 883 2180 (1)
897 2096 960 2180 (L)
1007 2093 1159 2162 lectione
1183 2092 1272 2161 fides
1297 2101 1479 2178 augeatur.

299 2204 327 2267 3.
352 2196 427 2268 cod.
467 2196 682 2267 Drasdensis
721 2202 835 2268 maior
873 2221 961 2268 saec.

351 2301 440 2370 XIV
466 2303 532 2386 (D)
1012 2374 1017 2387 ,
1238 2370 1269 2393 ..‚

299 2406 429 2475 11111.
466 2405 681 2475 Dresdensis
716 2409 833 2476 minor
872 2431 961 2478 saec.
1008 2393 1084 2458 lpse
1109 2369 1289 2447 ⁰⁰¹¹U¹hl

350 2508 439 2579 XIV
463 2510 510 2594 (t)

298 2619 327 2682 o.
355 2614 442 2683 bibl.
481 2615 586 2684 Laur.
622 2616 711 2703 plut.
750 2622 791 2686 68
835 2614 909 2684 cod.
946 2622 965 2685 8
1290 2684 1296 2696 ,

353 2740 433 2787 saec
471 2719 526 2787 XI
551 2720 622 2805 (Μ)
1011 2691 1202 2768 utrumque
1219 2681 1376 2751 codicem
1393 2678 1511 2749 adhuc
1528 2702 1605 2749 non

300 2828 328 2891 5·
351 2772 441 2892 bibl:
474 2823 580 2892 Lam,
619 2825 709 2911 plut·
748 2831 789 2894 68
829 2823 903 2892 eod·
945 2830 965 2892 5
1011 2786 1216 2856 adhibitum
1226 2785 1431 2856 Florentiae
1448 2783 1608 2855 contulit
1640 2818 1643 2822 ·

353 2947 442 2995 saec,
467 2926 523 2995 XI
544 2927 609 3011 (Ν)
1008 2889 1298 2975 111111111111113).

250 3030 320 3107 (De
344 3030 463 3098 codice
486 3031 521 3098 N
543 3022 679 3101 interiit
701 3031 785 3105 finis
805 3031 892 3101 belli
909 3030 1148 3102 Alexandrini
1171 3036 1205 3098 11
1226 3030 1370 3096 initium
1386 3026 1474 3096 belli
1490 3026 1607 3096 Africi

24 3162 27 3167 ·
145 3155 259 3219 usque
284 3134 328 3202 ad
352 3157 385 3221 p.
411 3140 463 3216 60,
490 3142 527 3202 11
552 3136 757 3221 magnam).

248 3290 270 3359 ¹1
291 3289 386 3362 Quam
405 3289 622 3349 dubitationem
639 3309 700 3349 non
717 3309 825 3349 ranam
843 3291 939 3350 luisse
957 3296 991 3348 ut
1010 3289 1174 3370 ostendam,
1194 3288 1340 3355 hocloco,
1360 3305 1436 3357 quae
1453 3303 1549 3357 usque
1566 3287 1606 3344 ad

144 3396 172 3446 p.
192 3381 225 3434 35
245 3377 294 3436 rel
312 3376 468 3435 addendae
485 3377 535 3435 vel
552 3378 744 3448 corrigendae
763 3383 834 3436 sunt
851 3376 1011 3436 Leidensis
1034 3375 1186 3444 lectiones,
1211 3374 1373 3443 adiungam
1397 3375 1540 3433 asterisco
1559 3374 1605 3433 eis

146 3464 306 3534 adscripto,
328 3481 404 3534 quae
422 3466 503 3522 recte
520 3463 662 3534 leguntur
679 3466 758 3535 apud
777 3465 985 3523 Duebnerum:

249 3557 302 3620 3,5
322 3550 547 3621 “imponebatur
565 3550 688 3620 “longas
706 3582 739 3591 -
758 3557 809 3621 3,7
829 3550 1011 3621 nponniam
1026 3567 1072 3619 pr.
1091 3579 1123 3588 —
1142 3553 1195 3617 4‚4
1214 3548 1352 3606 secutus*
1371 3577 1403 3585 -
1422 3551 1471 3615 7,3
1490 3547 1605 3616 impru-

60 3650 62 3655 ’
145 3639 325 3708 dentiaeque
348 3655 382 3695 as
395 3671 406 3680 -
421 3637 456 3694 tn
473 3655 566 3708 uturp.
585 3667 618 3677 -
637 3644 694 3709 7,4
711 3637 931 3708 praefectisque
949 3636 1023 3707 quid
1042 3634 1196 3706 peterent*
1214 3634 1264 3703 (O)
1285 3665 1318 3674 -
1337 3637 1380 3704 8,3
1398 3632 1612 3702 1111111111111114

144 3724 222 3796 petit
234 3723 657 3795 iteratumetpriusdelctum*
677 3755 710 3764 -
728 3742 865 3794 asarepr.
885 3753 918 3763 —
937 3719 1605 3794 1311111111(11111119111111111111111111-

93 3867 94 3871 ,
148 3817 189 3881 11,
201 3811 331 3870 2111111*
340 3842 372 3850 -
382 3817 423 3881 13,
433 3811 610 3871 evellebant.
619 3810 691 3868 PL*
699 3841 730 3850 -
741 3810 934 3881 polliceretur
942 3810 1014 3868 PL*
1026 3840 1058 3849 -
1071 3814 1129 3880 16,8
1138 3809 1257 3880 posset*
1270 3808 1366 3876 (0)-
1377 3813 1439 3879 17,1
1451 3807 1561 3866 africae
1573 3837 1605 3846 -

148 3898 393 3968 17,31ο111111111*
414 3928 447 3939 -
469 3903 544 3968 lac,
556 3899 599 3957 ibi
617 3900 697 3957 inter
713 3917 815 3956 cursus
833 3927 853 3938 -
885 3897 1037 3967 21141111
1055 3914 1157 3956 omnes
1176 3893 1465 3966 foraprc'crcdctcto
1486 3925 1506 3933 -
1535 3897 1607 3963 20‚5

144 3985 400 4043 iamintercerecs
420 4017 453 4025 —
470 3991 539 4051 212
557 3986 746 4045 advenientis
764 3985 818 4043 PL
840 3983 901 4052 (bic
910 3985 948 4042 ad
957 3989 1024 4042 crete
1033 3982 1302 4054 circumstipante)
1323 4011 1356 4020 -
1375 3986 1416 4049 21,
1429 3985 1533 4039 1011111
1549 3980 1605 4037 11.

148 4102 182 4113 -
199 4073 233 4130 in
259 4072 418 4142 praesidiis
444 4073 496 4143 qui
521 4076 596 4139 (nort
619 4073 858 4143 quittanciam*
884 4102 917 4111 -
941 4070 1263 4141 23,61111111-26,5
1282 4085 1373 4128 cursu
1390 4068 1410 4125 c'.
1429 4086 1453 4124 c.
1479 4097 1510 4107 -
1536 4071 1605 4136 27,1

146 4160 275 4219 defessis
289 4159 377 4229 praru
397 4188 428 4197 -
448 4164 518 4230 317
536 4161 596 4218 iam
614 4160 634 4218 1.
654 4178 721 4217 1.-
736 4163 824 4229 31,10
841 4158 1114 4229 reppnissentpr,
1133 4163 1167 4215 ut
1184 4156 1240 4214 vid.
1262 4185 1295 4195 —
1315 4160 1357 4225 31,
1369 4160 1401 4238 15
1421 4154 1609 4212 munitiones»

146 4246 298 4317 recipiunt
326 4276 359 4285 -
388 4251 452 4315 32,1
472 4247 551 4305 malo
568 4247 709 4317 accepto*
737 4277 770 4286 -
798 4252 869 4316 32,4
883 4251 952 4317 post
970 4247 1052 4303 omni
1069 4263 1185 4314 111111,
1210 4242 1245 4300 ire
1269 4259 1327 4312 quc
1353 4241 1448 4310 fuisse
1473 4240 1607 4298 redeatur

146 4334 244 4392 -bus*.
264 4364 297 4373 -
316 4339 385 4404 33,7
404 4334 530 4392 habere*
550 4364 583 4373 —
600 4334 686 4393 levis.
1638 4388 1644 4394 .

251 4420 328 4479 Item
347 4420 426 4478 infra
443 4419 529 4479 initio
547 4421 645 4492 ipsius
670 4419 896 4492 disceptationis
924 4419 1067 4479 asterisco
1095 4417 1210 4477 notari
1225 4434 1276 4475 eas
1295 4415 1424 4473 Parisini
1451 4415 1606 4480 lectiones,

148 4525 223 4578 quas
241 4511 322 4566 recte
341 4525 358 4564 a
376 4507 534 4566 Duebnere
552 4512 687 4566 enotatas
705 4513 758 4566 aut
776 4507 878 4567 omisit
895 4506 1055 4572 Woelfflin
1073 4509 1125 4563 aut
1144 4504 1219 4563 falso
1237 4501 1405 4572 exscripsit.

253 4593 274 4663 Ξ)
295 4593 471 4664 Comparari
490 4612 558 4652 curn
578 4594 736 4654 collatione
755 4592 982 4655 meaDuebneri
1000 4596 1175 4663 apparatum
1193 4596 1284 4660 atque
1302 4606 1499 4659 quaecunque
1517 4586 1609 4645 dubia

147 4680 328 4739 videbantur
345 4681 455 4740 iterum
473 4681 602 4752 inspexi.
631 4682 765 4752 Duobus,
786 4681 839 4750 qui
857 4698 905 4739 1111
922 4680 1075 4750 fugerunt,
1093 4677 1168 4737 locis
1185 4675 1345 4736 lectionem
1355 4674 1507 4736 Duebneri
1526 4691 1543 4730 a
1560 4689 1613 4729 me

146 4785 206 4825 non
224 4773 377 4827 enotatam
394 4768 427 4825 in
445 4773 621 4839 apparatum
639 4769 753 4839 recepi:
772 4773 860 4838 40,1c
879 4772 905 4824 et
922 4766 1073 4825 1111111111
1091 4768 1118 4835 δ,
1140 4765 1345 4835 tancretius
1363 4765 1398 4822 D.

254 4854 276 4921 3)
295 4853 341 4913 111
358 4855 406 4913 his
425 4854 635 4914 collationibus
653 4856 727 4915 haec
736 4854 942 4914 Reitzenstein
960 4872 1078 4913 mecum
1096 4853 1343 4913 communicarit:
1356 4850 1451 4910 Panto
1464 4846 1609 4916 festinan-

159 4939 229 5010 tius,
254 4958 322 4998 erun
342 4946 456 5012 ternpus
474 4941 582 5001 deesset
595 4943 728 5012 latorem
744 4941 875 5001 maaian
892 4937 998 5000 codicis
1021 4940 1058 4999 11
1075 4944 1198 5011 partem,
1223 4939 1310 4997 cuins
1323 4937 1456 5008 pretium
1474 4931 1615 4990 noudum·
