3420 5556
828 302 872 364 70

229 498 298 570 Sed
329 505 412 579 iam,
444 509 619 589 quantum
651 507 803 590 quisque
835 503 945 572 codex
974 502 1096 573 valcat
1127 502 1172 572 ad
1201 504 1393 578 lectionem
1422 473 1557 581 familia

123 605 390 683 restituendam,
414 609 503 675 satis
529 615 684 693 apparet.
731 607 894 694 ipsarum
919 607 1134 677 familiarum
1159 611 1456 698 interpolationes
1489 616 1557 685 infr

122 732 155 797 p.
182 715 223 780 72
253 717 288 779 at
319 716 360 780 73
395 719 628 798 exponentur,
663 733 760 780 nunc
790 720 869 779 utra
901 732 1033 791 carum,
1064 715 1095 780 si
1113 712 1356 795 dissentiunt
1392 720 1442 787 sit
1476 740 1557 806 prae

122 813 277 894 ferenda,
301 815 674 903 nobisquaerendum
705 822 768 883 est.
821 815 875 884 De
904 837 976 902 qua
1006 837 1043 884 re
1066 819 1196 885 mirum
1224 821 1262 886 in
1286 820 1436 890 modum
1461 823 1557 892 adhr:

123 918 298 988 vacillant
331 923 488 988 virorum
521 918 707 991 doctorum
746 922 950 988 sententiae.
1008 919 1200 989 Familiam
1232 923 1438 994 Romanam
1474 932 1557 997 enin

123 1044 231 1110 quam
254 1022 443 1093 Woelfflin
467 1022 555 1094 adeo
587 1023 761 1111 despexit,
793 1030 834 1092 ut
863 1026 902 1092 in
932 1023 1150 1110 praefatione
1181 1029 1241 1093 vix
1271 1049 1557 1101 commemorare

122 1131 160 1196 in
196 1137 370 1216 apparatu
405 1131 526 1198 critico
561 1149 667 1215 saepe
700 1127 873 1196 lectiones
908 1131 985 1196 eius
1028 1132 1215 1210 omitteret,
1257 1152 1372 1218 nuper
1407 1133 1449 1201 G.
1490 1136 1557 1204 Car

122 1233 351 1303 Monacensis
398 1237 435 1302 in
474 1231 571 1303 bello
606 1231 841 1320 Hispaniensi
883 1231 1026 1319 quidem
1062 1232 1247 1302 Parisinac
1286 1240 1557 1323 anteponendar

123 1357 201 1405 esse
224 1340 363 1406 statuit.
408 1336 542 1405 Tamen
567 1339 719 1414 unicam,
750 1357 840 1423 quac
871 1358 966 1405 nunc
997 1344 1107 1423 patet,
1141 1340 1237 1407 viam
1266 1361 1312 1408 na
1340 1340 1400 1408 hic
1435 1344 1557 1428 quide:

123 1445 307 1525 ingressus
332 1449 395 1509 est.

227 1597 267 1667 Si
303 1600 397 1666 enim
432 1604 526 1666 recte
560 1596 721 1667 diversos
755 1595 959 1665 traditionis
1001 1596 1138 1666 rivulos
1177 1620 1254 1667 esse
1288 1601 1321 1668 A
1357 1603 1458 1683 (rec.)
1495 1614 1530 1674 et

123 1702 461 1782 demonstravimus,
495 1708 653 1789 apparet,
688 1702 892 1786 ubicunque
924 1704 1154 1769 consentiunt
1177 1703 1211 1771 A
1241 1704 1338 1781 (reo.)
1362 1715 1397 1774 et
1430 1683 1544 1779 dimid

122 1829 205 1895 pars
229 1809 257 1894 β,
286 1810 455 1876 maiorem
486 1806 579 1874 hano
602 1805 791 1874 lectionem
823 1804 954 1872 habere
985 1805 1287 1890 probabilitatem.
1340 1810 1448 1891 Quod
1483 1837 1557 1883 sam

123 1915 155 1980 si
177 1913 211 1980 A
234 1937 250 1996 p
273 1913 495 1998 respicimus
518 1932 562 1978 ex
585 1913 663 1998 ipso
688 1911 941 1977 commentario
967 1912 1099 1995 optime
1123 1915 1346 1998 comprobari
1370 1925 1503 2002 potest.

143 2099 148 2108 ’
227 2083 485 2157 Examinemus
508 2081 625 2153 locos!

300 2308 639 2394 a(rcc.)¹)nur
708 2337 711 2343 ·
957 2292 961 2301 ’
1195 2308 1264 2376 pv

146 2435 230 2512 12,ss
253 2429 421 2499 numidae
545 2452 549 2459 ·
877 2424 1057 2495 numidiae

147 2535 506 2616 instrumentorum
541 2614 547 2621 ,
876 2529 1200 2618 frumentatumque

145 2647 196 2723 17,
212 2648 250 2709 11
275 2642 461 2726 ruspinam
875 2637 1041 2720 rupinum

142 2751 194 2826 21,
210 2751 250 2814 10
274 2747 336 2832 qui
875 2741 932 2805 our.

142 2856 229 2931 229
253 2851 384 2919 arcessi
876 2844 1054 2919 a1·oessiri;
1081 2847 1241 2913 accersiri
1264 2849 1280 2908 1

142 2960 229 3037 26,5
251 2952 368 3042 pilum
875 2944 997 3033 palam

142 3066 228 3139 30‚9
251 3065 345 3126 recta
875 3057 969 3119 recto
994 3048 1069 3115 Dii

143 3167 229 3243 31,5
253 3163 396 3238 nausia;
421 3179 556 3226 nausea
579 3156 655 3220 D²i
759 3246 761 3250 Ι
875 3156 1022 3221 nausias
1105 3163 1108 3168 '

144 3268 229 3346 33‚3
254 3263 414 3334 audierat
436 3283 555 3332 romae
875 3256 1037 3326 audierat
1061 3279 1101 3325 ac
1123 3280 1242 3328 romae

143 3376 228 3451 out
253 3370 509 3452 discessissetq.
546 3366 572 3428 A
600 3386 716 3446 rrrury.;
746 3364 819 3432 dis·
876 3359 1041 3429 discessit
1065 3361 1127 3429 sed

208 3477 375 3543 cessisset
397 3474 441 3556 pt
881 3513 885 3519 .

142 3583 194 3660 50,
211 3584 250 3647 12
274 3578 339 3646 has
874 3589 933 3632 out.

143 3687 229 3764 55‚5
252 3703 343 3770 quae
874 3693 929 3736 om.

142 3791 228 3866 aaa
249 3784 445 3874 praebebat
873 3776 1080 3864 praemebat

142 3895 229 3970 58,9
253 3891 462 3957 accessisset
874 3883 1081 3950 arcessisset

143 4001 229 4075 60,5
252 4013 414 4078 egressos
874 3987 1025 4068 egressis
1051 3983 1095 4063 P;
1120 4005 1284 4068 egressus
1315 3986 1340 4048 Γ

142 4099 226 4180 6137
252 4118 321 4183 quo
874 4088 967 4175 quod

142 4205 248 4283 6214
273 4201 339 4269 sub
364 4219 510 4267 manum
873 4212 1104 4261 summanum

143 4303 354 4385 ra,3V111;
379 4303 416 4383 cs.
442 4305 535 4379 58,7
872 4295 976 4366 VIIII
1001 4298 1042 4375 P;
1067 4296 1137 4364 [III
1169 4296 1199 4358 V

142 4407 283 4489 80,7V
872 4400 906 4468 ΙΙ

141 4520 227 4594 819
250 4513 364 4581 cuivis
873 4508 974 4573 ouius
999 4509 1014 4567 t

142 4623 228 4699 85‚9
251 4618 319 4687 sub
343 4613 447 4681 hoste
543 4635 546 4639 ’
609 4620 612 4636 ²
873 4608 941 4683 sub
964 4609 1087 4677 hostes

159 4950 162 4957 .
224 4907 246 4974 ¹)
264 4906 412 4966 Reccntes
431 4903 548 4971 abhinc,
568 4903 593 4962 si
613 4903 806 4962 consentiunt
824 4918 892 4960 cum
911 4902 945 4969 Α,
965 4917 1026 4958 non
1044 4899 1213 4958 offerentur.
