<?xml version="1.0" encoding="UTF-8"?>
<!DOCTYPE html PUBLIC "-//W3C//DTD XHTML 1.0 Transitional//EN"
    "http://www.w3.org/TR/xhtml1/DTD/xhtml1-transitional.dtd">
<html xmlns="http://www.w3.org/1999/xhtml" xml:lang="en" lang="en">
 <head>
  <title>
</title>
<meta http-equiv="Content-Type" content="text/html;charset=utf-8" />
  <meta name='ocr-system' content='tesseract 3.04.00' />
  <meta name='ocr-capabilities' content='ocr_page ocr_carea ocr_par ocr_line ocrx_word'/>
</head>
<body>
  <div class='ocr_page' id='page_1' title='image "./decaesarisquodf00unkngoog_0087.png"; bbox 0 0 3420 5556; ppageno 0'>
   <div class='ocr_carea' id='block_1_1' title="bbox 841 361 882 436">
    <p class='ocr_par' dir='ltr' id='par_1_1' title="bbox 841 361 882 436">
     <span class='ocr_line' id='line_1_1' title="bbox 841 361 882 436; baseline 0 0"><span class='ocrx_word' id='word_1_1' title='bbox 841 361 882 436; x_wconf 77' lang='lat'><strong>82</strong></span> 
     </span>
    </p>
   </div>
   <div class='ocr_carea' id='block_1_2' title="bbox 83 572 1602 1272">
    <p class='ocr_par' dir='ltr' id='par_1_2' title="bbox 83 572 1602 967">
     <span class='ocr_line' id='line_1_2' title="bbox 83 572 1598 661; baseline -0.002 -15"><span class='ocrx_word' id='word_1_2' title='bbox 83 579 86 584; x_wconf 80' lang='grc'><strong>’</strong></span> <span class='ocrx_word' id='word_1_3' title='bbox 140 583 194 646; x_wconf 87' lang='lat' dir='ltr'><strong>est</strong></span> <span class='ocrx_word' id='word_1_4' title='bbox 218 584 252 646; x_wconf 88' lang='lat' dir='ltr'><strong>et</strong></span> <span class='ocrx_word' id='word_1_5' title='bbox 276 583 367 645; x_wconf 86' lang='lat' dir='ltr'><strong>certe</strong></span> <span class='ocrx_word' id='word_1_6' title='bbox 391 598 465 646; x_wconf 92' lang='lat' dir='ltr'><strong>non</strong></span> <span class='ocrx_word' id='word_1_7' title='bbox 489 572 603 646; x_wconf 90' lang='lat' dir='ltr'><strong>multo</strong></span> <span class='ocrx_word' id='word_1_8' title='bbox 627 580 747 646; x_wconf 91' lang='lat' dir='ltr'><strong>minus</strong></span> <span class='ocrx_word' id='word_1_9' title='bbox 773 573 965 644; x_wconf 90' lang='lat' dir='ltr'><strong>ridiculum</strong></span> <span class='ocrx_word' id='word_1_10' title='bbox 990 597 1067 644; x_wconf 88' lang='lat' dir='ltr'><strong>esse</strong></span> <span class='ocrx_word' id='word_1_11' title='bbox 1090 575 1125 639; x_wconf 77' lang='lat' dir='ltr'><strong>iu</strong></span> <span class='ocrx_word' id='word_1_12' title='bbox 1147 574 1256 638; x_wconf 77' lang='lat' dir='ltr'><strong>torum</strong></span> <span class='ocrx_word' id='word_1_13' title='bbox 1279 581 1314 642; x_wconf 92' lang='lat' dir='ltr'><strong>et</strong></span> <span class='ocrx_word' id='word_1_14' title='bbox 1337 576 1481 661; x_wconf 86' lang='lat' dir='ltr'><strong>saepius</strong></span> <span class='ocrx_word' id='word_1_15' title='bbox 1505 572 1598 644; x_wconf 87' lang='lat' dir='ltr'><strong>talia</strong></span> 
     </span>
     <span class='ocr_line' id='line_1_3' title="bbox 138 679 1595 769; baseline -0.001 -21"><span class='ocrx_word' id='word_1_16' title='bbox 138 681 209 765; x_wconf 86' lang='lat' dir='ltr'><strong>legi</strong></span> <span class='ocrx_word' id='word_1_17' title='bbox 232 685 269 749; x_wconf 92' lang='lat' dir='ltr'><strong>in</strong></span> <span class='ocrx_word' id='word_1_18' title='bbox 293 684 560 759; x_wconf 87' lang='lat' dir='ltr'><strong>commentario,</strong></span> <span class='ocrx_word' id='word_1_19' title='bbox 584 703 690 769; x_wconf 89' lang='lat' dir='ltr'><strong>quam</strong></span> <span class='ocrx_word' id='word_1_20' title='bbox 715 688 755 748; x_wconf 92' lang='lat' dir='ltr'><strong>ut</strong></span> <span class='ocrx_word' id='word_1_21' title='bbox 770 682 838 749; x_wconf 91' lang='lat' dir='ltr'><strong>hoc</strong></span> <span class='ocrx_word' id='word_1_22' title='bbox 854 679 933 748; x_wconf 91' lang='lat' dir='ltr'><strong>loco</strong></span> <span class='ocrx_word' id='word_1_23' title='bbox 950 680 1100 748; x_wconf 86' lang='lat' dir='ltr'><strong>fortasse</strong></span> <span class='ocrx_word' id='word_1_24' title='bbox 1116 701 1188 747; x_wconf 91' lang='lat' dir='ltr'><strong>non</strong></span> <span class='ocrx_word' id='word_1_25' title='bbox 1205 679 1392 747; x_wconf 90' lang='lat' dir='ltr'><strong>librarium</strong></span> <span class='ocrx_word' id='word_1_26' title='bbox 1410 680 1595 765; x_wconf 77' lang='lat' dir='ltr'>quendam</span> 
     </span>
     <span class='ocr_line' id='line_1_4' title="bbox 139 783 1602 872; baseline -0.005 -18"><span class='ocrx_word' id='word_1_27' title='bbox 139 785 201 854; x_wconf 90' lang='lat' dir='ltr'><strong>sed</strong></span> <span class='ocrx_word' id='word_1_28' title='bbox 226 789 345 872; x_wconf 91' lang='lat' dir='ltr'><strong>ipsum</strong></span> <span class='ocrx_word' id='word_1_29' title='bbox 369 793 548 854; x_wconf 80' lang='lat' dir='ltr'><strong>auctorem</strong></span> <span class='ocrx_word' id='word_1_30' title='bbox 572 790 743 871; x_wconf 72' lang='lat' dir='ltr'><strong>corrigere</strong></span> <span class='ocrx_word' id='word_1_31' title='bbox 776 784 984 852; x_wconf 78' lang='lat' dir='ltr'><strong>audeamus,</strong></span> <span class='ocrx_word' id='word_1_32' title='bbox 1040 783 1088 852; x_wconf 81' lang='lat' dir='ltr'><strong>Of.</strong></span> <span class='ocrx_word' id='word_1_33' title='bbox 1117 789 1188 861; x_wconf 79' lang='lat'>110,</span> <span class='ocrx_word' id='word_1_34' title='bbox 1214 789 1253 851; x_wconf 90' lang='grc'><strong>13</strong></span> <span class='ocrx_word' id='word_1_35' title='bbox 1284 803 1346 846; x_wconf 80' lang='lat' dir='ltr'><strong>ooo</strong></span> <span class='ocrx_word' id='word_1_36' title='bbox 1378 783 1515 862; x_wconf 74' lang='lat' dir='ltr'><strong>carpitus</strong></span> <span class='ocrx_word' id='word_1_37' title='bbox 1536 783 1602 847; x_wconf 84' lang='grc' dir='ltr'><strong>ΙΠ</strong></span> 
     </span>
     <span class='ocr_line' id='line_1_5' title="bbox 138 887 1572 967; baseline -0.001 -13"><span class='ocrx_word' id='word_1_38' title='bbox 138 894 194 954; x_wconf 83' lang='lat' dir='ltr'><strong>aut</strong></span> <span class='ocrx_word' id='word_1_39' title='bbox 216 888 272 952; x_wconf 84' lang='lat' dir='ltr'><strong>IV</strong></span> <span class='ocrx_word' id='word_1_40' title='bbox 273 914 280 967; x_wconf 93' lang='lat'>;</span> <span class='ocrx_word' id='word_1_41' title='bbox 308 895 356 966; x_wconf 80' lang='lat'><strong>11,</strong></span> <span class='ocrx_word' id='word_1_42' title='bbox 380 889 529 956; x_wconf 76' lang='lat' dir='ltr'><strong>Batinus</strong></span> <span class='ocrx_word' id='word_1_43' title='bbox 554 889 667 955; x_wconf 88' lang='lat' dir='ltr'><strong><em>XXX.</em></strong></span> <span class='ocrx_word' id='word_1_44' title='bbox 1570 887 1572 890; x_wconf 73' lang='grc'><strong>’</strong></span> 
     </span>
    </p>

    <p class='ocr_par' dir='ltr' id='par_1_3' title="bbox 137 989 1596 1272">
     <span class='ocr_line' id='line_1_6' title="bbox 244 989 1595 1079; baseline 0 -19"><span class='ocrx_word' id='word_1_45' title='bbox 244 992 317 1061; x_wconf 83' lang='lat' dir='ltr'><strong>Sed</strong></span> <span class='ocrx_word' id='word_1_46' title='bbox 341 997 412 1060; x_wconf 90' lang='lat' dir='ltr'><strong>iam</strong></span> <span class='ocrx_word' id='word_1_47' title='bbox 437 995 566 1061; x_wconf 86' lang='lat' dir='ltr'><strong>criticis</strong></span> <span class='ocrx_word' id='word_1_48' title='bbox 592 1010 733 1079; x_wconf 91' lang='lat' dir='ltr'><strong>quoque</strong></span> <span class='ocrx_word' id='word_1_49' title='bbox 756 993 970 1072; x_wconf 81' lang='lat' dir='ltr'><strong>rationibus,</strong></span> <span class='ocrx_word' id='word_1_50' title='bbox 995 990 1093 1077; x_wconf 84' lang='lat' dir='ltr'><strong>qdae</strong></span> <span class='ocrx_word' id='word_1_51' title='bbox 1111 990 1152 1060; x_wconf 88' lang='lat' dir='ltr'><strong>de</strong></span> <span class='ocrx_word' id='word_1_52' title='bbox 1176 989 1263 1061; x_wconf 91' lang='lat' dir='ltr'><strong>belli</strong></span> <span class='ocrx_word' id='word_1_53' title='bbox 1280 989 1392 1059; x_wconf 87' lang='lat' dir='ltr'><strong>Africi</strong></span> <span class='ocrx_word' id='word_1_54' title='bbox 1408 990 1595 1061; x_wconf 80' lang='lat' dir='ltr'><strong>codicibus</strong></span> 
     </span>
     <span class='ocr_line' id='line_1_7' title="bbox 138 1094 1596 1184; baseline -0.001 -18"><span class='ocrx_word' id='word_1_55' title='bbox 138 1097 305 1177; x_wconf 79' lang='lat' dir='ltr'><strong>diximus,</strong></span> <span class='ocrx_word' id='word_1_56' title='bbox 340 1101 427 1165; x_wconf 90' lang='lat' dir='ltr'><strong>satis</strong></span> <span class='ocrx_word' id='word_1_57' title='bbox 459 1099 709 1184; x_wconf 77' lang='lat' dir='ltr'><strong>comprobasse</strong></span> <span class='ocrx_word' id='word_1_58' title='bbox 744 1099 849 1167; x_wconf 91' lang='lat' dir='ltr'><strong>nobis</strong></span> <span class='ocrx_word' id='word_1_59' title='bbox 884 1096 1055 1165; x_wconf 86' lang='lat' dir='ltr'><strong>videmur.</strong></span> <span class='ocrx_word' id='word_1_60' title='bbox 1110 1094 1269 1164; x_wconf 80' lang='lat' dir='ltr'><strong>Stemma</strong></span> <span class='ocrx_word' id='word_1_61' title='bbox 1300 1097 1409 1179; x_wconf 86' lang='lat' dir='ltr'><strong>igitur</strong></span> <span class='ocrx_word' id='word_1_62' title='bbox 1433 1099 1596 1165; x_wconf 89' lang='lat' dir='ltr'><strong>omnium</strong></span> 
     </span>
     <span class='ocr_line' id='line_1_8' title="bbox 137 1201 487 1272; baseline -0.006 -1"><span class='ocrx_word' id='word_1_63' title='bbox 137 1201 300 1272; x_wconf 79' lang='lat' dir='ltr'><strong>codicum</strong></span> <span class='ocrx_word' id='word_1_64' title='bbox 325 1203 394 1270; x_wconf 88' lang='lat' dir='ltr'><strong>hoc</strong></span> <span class='ocrx_word' id='word_1_65' title='bbox 418 1209 487 1271; x_wconf 88' lang='lat' dir='ltr'><strong>est:</strong></span> 
     </span>
    </p>
   </div>
   <div class='ocr_carea' id='block_1_3' title="bbox 610 1323 753 1392">
    <p class='ocr_par' dir='ltr' id='par_1_4' title="bbox 610 1323 753 1392">
     <span class='ocr_line' id='line_1_9' title="bbox 610 1323 753 1392; baseline -0.014 -1"><span class='ocrx_word' id='word_1_66' title='bbox 610 1323 753 1392; x_wconf 89' lang='lat' dir='ltr'><strong>Archet.</strong></span> 
     </span>
    </p>
   </div>
   <div class='ocr_carea' id='block_1_4' title="bbox 160 3609 418 3725">
    <p class='ocr_par' dir='ltr' id='par_1_5' title="bbox 160 3609 418 3725">
     <span class='ocr_line' id='line_1_10' title="bbox 160 3609 418 3725; baseline 0.008 -2"><span class='ocrx_word' id='word_1_67' title='bbox 160 3611 178 3723; x_wconf 70' lang='lat' dir='ltr'><strong>a</strong></span> <span class='ocrx_word' id='word_1_68' title='bbox 201 3619 251 3725; x_wconf 73' lang='lat' dir='ltr'><strong>nl</strong></span> <span class='ocrx_word' id='word_1_69' title='bbox 276 3609 349 3725; x_wconf 65' lang='lat' dir='ltr'><strong>not.</strong></span> <span class='ocrx_word' id='word_1_70' title='bbox 375 3612 418 3725; x_wconf 78' lang='lat' dir='ltr'><strong>l&#39;r</strong></span> 
     </span>
    </p>
   </div>
   <div class='ocr_carea' id='block_1_5' title="bbox 43 3814 1598 4838">
    <p class='ocr_par' dir='ltr' id='par_1_6' title="bbox 143 3814 1595 4007">
     <span class='ocr_line' id='line_1_11' title="bbox 244 3814 1595 3897; baseline 0 -13"><span class='ocrx_word' id='word_1_71' title='bbox 244 3817 331 3897; x_wconf 88' lang='lat' dir='ltr'><strong>Iam,</strong></span> <span class='ocrx_word' id='word_1_72' title='bbox 367 3818 398 3884; x_wconf 87' lang='lat' dir='ltr'><strong>si</strong></span> <span class='ocrx_word' id='word_1_73' title='bbox 430 3821 522 3884; x_wconf 89' lang='lat' dir='ltr'><strong>recte</strong></span> <span class='ocrx_word' id='word_1_74' title='bbox 557 3837 624 3884; x_wconf 89' lang='lat' dir='ltr'><strong>nos</strong></span> <span class='ocrx_word' id='word_1_75' title='bbox 656 3817 898 3885; x_wconf 87' lang='lat' dir='ltr'><strong>recensionem</strong></span> <span class='ocrx_word' id='word_1_76' title='bbox 933 3814 1049 3891; x_wconf 87' lang='lat' dir='ltr'><strong>libclli</strong></span> <span class='ocrx_word' id='word_1_77' title='bbox 1072 3818 1282 3887; x_wconf 82' lang='lat' dir='ltr'><strong>instituisse</strong></span> <span class='ocrx_word' id='word_1_78' title='bbox 1307 3819 1523 3896; x_wconf 82' lang='lat' dir='ltr'><strong>convenerit,</strong></span> <span class='ocrx_word' id='word_1_79' title='bbox 1555 3817 1595 3885; x_wconf 87' lang='lat' dir='ltr'><strong>de</strong></span> 
     </span>
     <span class='ocr_line' id='line_1_12' title="bbox 143 3910 1510 4007; baseline -0.002 -19"><span class='ocrx_word' id='word_1_80' title='bbox 143 3928 287 3990; x_wconf 86' lang='lat' dir='ltr'><strong>auctore</strong></span> <span class='ocrx_word' id='word_1_81' title='bbox 312 3919 397 4007; x_wconf 92' lang='lat' dir='ltr'><strong>quid</strong></span> <span class='ocrx_word' id='word_1_82' title='bbox 422 3925 601 4006; x_wconf 79' lang='lat' dir='ltr'><strong>sequatur,</strong></span> <span class='ocrx_word' id='word_1_83' title='bbox 625 3939 847 4006; x_wconf 75' lang='lat' dir='ltr'><strong>quaeramus,</strong></span> <span class='ocrx_word' id='word_1_84' title='bbox 1459 3914 1465 3922; x_wconf 74' lang='grc'>”</span> <span class='ocrx_word' id='word_1_85' title='bbox 1509 3910 1510 3913; x_wconf 47' lang='lat'>&#39;</span> 
     </span>
    </p>

    <p class='ocr_par' dir='ltr' id='par_1_7' title="bbox 136 4022 1598 4634">
     <span class='ocr_line' id='line_1_13' title="bbox 252 4022 1597 4112; baseline 0.001 -19"><span class='ocrx_word' id='word_1_86' title='bbox 252 4025 299 4093; x_wconf 88' lang='lat' dir='ltr'><strong>Ac</strong></span> <span class='ocrx_word' id='word_1_87' title='bbox 322 4027 478 4112; x_wconf 89' lang='lat' dir='ltr'><strong>primum</strong></span> <span class='ocrx_word' id='word_1_88' title='bbox 504 4022 648 4110; x_wconf 88' lang='lat' dir='ltr'><strong>quidem</strong></span> <span class='ocrx_word' id='word_1_89' title='bbox 672 4022 741 4093; x_wconf 91' lang='lat' dir='ltr'><strong>hoc</strong></span> <span class='ocrx_word' id='word_1_90' title='bbox 763 4032 929 4093; x_wconf 87' lang='lat' dir='ltr'><strong>nostrum</strong></span> <span class='ocrx_word' id='word_1_91' title='bbox 953 4033 1007 4094; x_wconf 88' lang='lat' dir='ltr'><strong>est</strong></span> <span class='ocrx_word' id='word_1_92' title='bbox 1024 4025 1229 4106; x_wconf 81' lang='lat' dir='ltr'><strong>diiudicare,</strong></span> <span class='ocrx_word' id='word_1_93' title='bbox 1252 4032 1390 4095; x_wconf 85' lang='lat' dir='ltr'><strong>rectene</strong></span> <span class='ocrx_word' id='word_1_94' title='bbox 1406 4023 1597 4096; x_wconf 88' lang='lat' dir='ltr'><strong>Woelfflin</strong></span> 
     </span>
     <span class='ocr_line' id='line_1_14' title="bbox 140 4128 1596 4217; baseline 0.003 -22"><span class='ocrx_word' id='word_1_95' title='bbox 140 4133 278 4197; x_wconf 87' lang='lat' dir='ltr'><strong>textum</strong></span> <span class='ocrx_word' id='word_1_96' title='bbox 316 4130 562 4198; x_wconf 86' lang='lat' dir='ltr'><strong>commentarii</strong></span> <span class='ocrx_word' id='word_1_97' title='bbox 603 4130 829 4215; x_wconf 87' lang='lat' dir='ltr'><strong>constituerit</strong></span> <span class='ocrx_word' id='word_1_98' title='bbox 868 4149 914 4197; x_wconf 85' lang='lat' dir='ltr'><strong>an</strong></span> <span class='ocrx_word' id='word_1_99' title='bbox 953 4141 1038 4210; x_wconf 89' lang='lat' dir='ltr'><strong>non,</strong></span> <span class='ocrx_word' id='word_1_100' title='bbox 1080 4131 1250 4217; x_wconf 90' lang='lat' dir='ltr'><strong>quoniam</strong></span> <span class='ocrx_word' id='word_1_101' title='bbox 1289 4132 1367 4217; x_wconf 91' lang='lat' dir='ltr'><strong>ipse</strong></span> <span class='ocrx_word' id='word_1_102' title='bbox 1406 4128 1596 4200; x_wconf 90' lang='lat' dir='ltr'><strong>confitetur</strong></span> 
     </span>
     <span class='ocr_line' id='line_1_15' title="bbox 140 4229 1595 4317; baseline 0.005 -19"><span class='ocrx_word' id='word_1_103' title='bbox 140 4230 263 4316; x_wconf 85' lang='lat' dir='ltr'><strong>(praef.</strong></span> <span class='ocrx_word' id='word_1_104' title='bbox 288 4253 320 4317; x_wconf 94' lang='lat' dir='ltr'><strong>p.</strong></span> <span class='ocrx_word' id='word_1_105' title='bbox 345 4230 490 4312; x_wconf 84' lang='lat' dir='ltr'><strong><em>XXXI)</em></strong></span> <span class='ocrx_word' id='word_1_106' title='bbox 522 4232 590 4299; x_wconf 88' lang='lat' dir='ltr'><strong>hoc</strong></span> <span class='ocrx_word' id='word_1_107' title='bbox 622 4252 660 4299; x_wconf 88' lang='lat' dir='ltr'><strong>se</strong></span> <span class='ocrx_word' id='word_1_108' title='bbox 683 4229 776 4299; x_wconf 88' lang='lat' dir='ltr'><strong>velle</strong></span> <span class='ocrx_word' id='word_1_109' title='bbox 807 4231 954 4313; x_wconf 85' lang='lat' dir='ltr'><strong>efficere,</strong></span> <span class='ocrx_word' id='word_1_110' title='bbox 985 4241 1025 4303; x_wconf 89' lang='lat' dir='ltr'><strong>ut</strong></span> <span class='ocrx_word' id='word_1_111' title='bbox 1053 4255 1168 4303; x_wconf 90' lang='lat' dir='ltr'><strong>sermo</strong></span> <span class='ocrx_word' id='word_1_112' title='bbox 1198 4237 1442 4304; x_wconf 90' lang='lat' dir='ltr'><strong>commentarii</strong></span> <span class='ocrx_word' id='word_1_113' title='bbox 1466 4235 1595 4305; x_wconf 86' lang='lat' dir='ltr'><strong>Asinio</strong></span> 
     </span>
     <span class='ocr_line' id='line_1_16' title="bbox 136 4332 1597 4425; baseline 0.005 -23"><span class='ocrx_word' id='word_1_114' title='bbox 136 4332 290 4405; x_wconf 90' lang='lat' dir='ltr'><strong>Polione</strong></span> <span class='ocrx_word' id='word_1_115' title='bbox 325 4334 455 4420; x_wconf 88' lang='lat' dir='ltr'><strong>dignus</strong></span> <span class='ocrx_word' id='word_1_116' title='bbox 493 4357 571 4404; x_wconf 88' lang='lat' dir='ltr'><strong>esse</strong></span> <span class='ocrx_word' id='word_1_117' title='bbox 594 4334 767 4404; x_wconf 87' lang='lat' dir='ltr'><strong>videatur.</strong></span> <span class='ocrx_word' id='word_1_118' title='bbox 825 4334 929 4418; x_wconf 82' lang='lat' dir='ltr'><strong>Quod</strong></span> <span class='ocrx_word' id='word_1_119' title='bbox 954 4345 994 4406; x_wconf 91' lang='lat' dir='ltr'><strong>ut</strong></span> <span class='ocrx_word' id='word_1_120' title='bbox 1027 4337 1102 4420; x_wconf 86' lang='lat' dir='ltr'><strong>fiat,</strong></span> <span class='ocrx_word' id='word_1_121' title='bbox 1134 4341 1290 4408; x_wconf 82' lang='lat' dir='ltr'><strong>maxime</strong></span> <span class='ocrx_word' id='word_1_122' title='bbox 1322 4339 1393 4407; x_wconf 92' lang='lat' dir='ltr'><strong>sibi</strong></span> <span class='ocrx_word' id='word_1_123' title='bbox 1427 4337 1597 4425; x_wconf 87' lang='lat' dir='ltr'><strong>prodesse</strong></span> 
     </span>
     <span class='ocr_line' id='line_1_17' title="bbox 136 4438 1598 4527; baseline 0.005 -22"><span class='ocrx_word' id='word_1_124' title='bbox 136 4444 253 4524; x_wconf 51' lang='lat' dir='ltr'><strong>putat¹</strong></span> <span class='ocrx_word' id='word_1_125' title='bbox 264 4439 559 4525; x_wconf 85' lang='lat' dir='ltr'><strong>interpolationes</strong></span> <span class='ocrx_word' id='word_1_126' title='bbox 591 4438 685 4519; x_wconf 79' lang='lat' dir='ltr'><strong>illas,</strong></span> <span class='ocrx_word' id='word_1_127' title='bbox 721 4460 810 4527; x_wconf 88' lang='lat' dir='ltr'><strong>quas</strong></span> <span class='ocrx_word' id='word_1_128' title='bbox 847 4440 932 4510; x_wconf 89' lang='lat' dir='ltr'><strong>huic</strong></span> <span class='ocrx_word' id='word_1_129' title='bbox 963 4445 1216 4514; x_wconf 89' lang='lat' dir='ltr'><strong>commentario</strong></span> <span class='ocrx_word' id='word_1_130' title='bbox 1248 4445 1366 4511; x_wconf 91' lang='lat' dir='ltr'><strong>inesse</strong></span> <span class='ocrx_word' id='word_1_131' title='bbox 1394 4447 1522 4515; x_wconf 80' lang='lat' dir='ltr'><strong>statuit</strong></span> <span class='ocrx_word' id='word_1_132' title='bbox 1553 4443 1598 4514; x_wconf 84' lang='lat' dir='ltr'><strong>ad</strong></span> 
     </span>
     <span class='ocr_line' id='line_1_18' title="bbox 136 4543 1178 4634; baseline 0.005 -25"><span class='ocrx_word' id='word_1_133' title='bbox 136 4548 313 4610; x_wconf 86' lang='lat' dir='ltr'><strong>trecentas</strong></span> <span class='ocrx_word' id='word_1_134' title='bbox 338 4563 470 4630; x_wconf 88' lang='lat' dir='ltr'><strong>easque</strong></span> <span class='ocrx_word' id='word_1_135' title='bbox 494 4565 568 4612; x_wconf 92' lang='lat' dir='ltr'><strong>non</strong></span> <span class='ocrx_word' id='word_1_136' title='bbox 591 4546 816 4628; x_wconf 83' lang='lat' dir='ltr'><strong>grammatici</strong></span> <span class='ocrx_word' id='word_1_137' title='bbox 840 4544 903 4614; x_wconf 91' lang='lat' dir='ltr'><strong>sed</strong></span> <span class='ocrx_word' id='word_1_138' title='bbox 926 4543 1178 4634; x_wconf 85' lang='lat' dir='ltr'><strong>ludimagistri.</strong></span> 
     </span>
    </p>

    <p class='ocr_par' dir='ltr' id='par_1_8' title="bbox 43 4643 1598 4838">
     <span class='ocr_line' id='line_1_19' title="bbox 242 4643 1598 4740; baseline 0.004 -26"><span class='ocrx_word' id='word_1_139' title='bbox 242 4643 342 4726; x_wconf 80' lang='lat' dir='ltr'><strong>Quae</strong></span> <span class='ocrx_word' id='word_1_140' title='bbox 367 4669 422 4717; x_wconf 91' lang='lat' dir='ltr'><strong>res</strong></span> <span class='ocrx_word' id='word_1_141' title='bbox 447 4669 533 4717; x_wconf 87' lang='lat' dir='ltr'><strong>sane</strong></span> <span class='ocrx_word' id='word_1_142' title='bbox 559 4649 597 4715; x_wconf 91' lang='lat' dir='ltr'><strong>in</strong></span> <span class='ocrx_word' id='word_1_143' title='bbox 621 4667 659 4715; x_wconf 88' lang='lat' dir='ltr'><strong>se</strong></span> <span class='ocrx_word' id='word_1_144' title='bbox 682 4649 763 4734; x_wconf 88' lang='lat' dir='ltr'><strong>ipsa</strong></span> <span class='ocrx_word' id='word_1_145' title='bbox 786 4647 943 4719; x_wconf 91' lang='lat' dir='ltr'><strong>multum</strong></span> <span class='ocrx_word' id='word_1_146' title='bbox 967 4650 1077 4720; x_wconf 91' lang='lat' dir='ltr'><strong>habet</strong></span> <span class='ocrx_word' id='word_1_147' title='bbox 1108 4649 1328 4721; x_wconf 85' lang='lat' dir='ltr'><strong>offensionis.</strong></span> <span class='ocrx_word' id='word_1_148' title='bbox 1381 4649 1475 4720; x_wconf 88' lang='lat' dir='ltr'><strong>Nam</strong></span> <span class='ocrx_word' id='word_1_149' title='bbox 1499 4651 1598 4740; x_wconf 89' lang='lat' dir='ltr'><strong>quod</strong></span> 
     </span>
     <span class='ocr_line' id='line_1_20' title="bbox 43 4749 1595 4838; baseline 0.006 -23"><span class='ocrx_word' id='word_1_150' title='bbox 43 4808 46 4815; x_wconf 93' lang='lat'><em>.</em></span> <span class='ocrx_word' id='word_1_151' title='bbox 136 4749 175 4816; x_wconf 91' lang='lat' dir='ltr'><strong>in</strong></span> <span class='ocrx_word' id='word_1_152' title='bbox 206 4753 394 4819; x_wconf 90' lang='lat' dir='ltr'><strong>sententiis</strong></span> <span class='ocrx_word' id='word_1_153' title='bbox 424 4751 644 4821; x_wconf 86' lang='lat' dir='ltr'><strong>Publilianis</strong></span> <span class='ocrx_word' id='word_1_154' title='bbox 678 4750 877 4838; x_wconf 88' lang='lat' dir='ltr'><strong>permultae</strong></span> <span class='ocrx_word' id='word_1_155' title='bbox 911 4756 1145 4824; x_wconf 89' lang='lat' dir='ltr'><strong>inveniuntur</strong></span> <span class='ocrx_word' id='word_1_156' title='bbox 1175 4755 1284 4824; x_wconf 89' lang='lat' dir='ltr'><strong>huius</strong></span> <span class='ocrx_word' id='word_1_157' title='bbox 1314 4757 1454 4838; x_wconf 88' lang='lat' dir='ltr'><strong>generis</strong></span> <span class='ocrx_word' id='word_1_158' title='bbox 1485 4759 1595 4826; x_wconf 88' lang='lat' dir='ltr'><strong>inter-</strong></span> 
     </span>
    </p>
   </div>
   <div class='ocr_carea' id='block_1_6' title="bbox 13 4850 1598 5054">
    <p class='ocr_par' dir='ltr' id='par_1_9' title="bbox 13 4850 1598 5054">
     <span class='ocr_line' id='line_1_21' title="bbox 13 4850 1598 4944; baseline 0.006 -24"><span class='ocrx_word' id='word_1_159' title='bbox 13 4868 15 4877; x_wconf 88' lang='lat'>·</span> <span class='ocrx_word' id='word_1_160' title='bbox 135 4850 349 4941; x_wconf 78' lang='lat' dir='ltr'><strong>polationes,</strong></span> <span class='ocrx_word' id='word_1_161' title='bbox 385 4852 467 4923; x_wconf 89' lang='lat' dir='ltr'><strong>illas</strong></span> <span class='ocrx_word' id='word_1_162' title='bbox 498 4858 536 4924; x_wconf 92' lang='lat' dir='ltr'><strong>in</strong></span> <span class='ocrx_word' id='word_1_163' title='bbox 570 4852 706 4923; x_wconf 87' lang='lat' dir='ltr'><strong>scholis</strong></span> <span class='ocrx_word' id='word_1_164' title='bbox 740 4863 931 4944; x_wconf 88' lang='lat' dir='ltr'><strong>usurpatas</strong></span> <span class='ocrx_word' id='word_1_165' title='bbox 968 4878 1046 4928; x_wconf 89' lang='lat' dir='ltr'><strong>esse</strong></span> <span class='ocrx_word' id='word_1_166' title='bbox 1081 4861 1312 4930; x_wconf 90' lang='lat' dir='ltr'><strong>notissimum</strong></span> <span class='ocrx_word' id='word_1_167' title='bbox 1352 4865 1423 4942; x_wconf 80' lang='lat' dir='ltr'><strong>est3</strong></span> <span class='ocrx_word' id='word_1_168' title='bbox 1457 4857 1598 4930; x_wconf 89' lang='lat' dir='ltr'><strong>bellum</strong></span> 
     </span>
     <span class='ocr_line' id='line_1_22' title="bbox 13 4951 1598 5054; baseline 0.006 -33"><span class='ocrx_word' id='word_1_169' title='bbox 13 4966 32 5051; x_wconf 59' lang='lat' dir='ltr'><strong>j.</strong></span> <span class='ocrx_word' id='word_1_170' title='bbox 137 4951 299 5037; x_wconf 71' lang='lat' dir='ltr'><strong>Africum</strong></span> <span class='ocrx_word' id='word_1_171' title='bbox 324 4979 410 5027; x_wconf 90' lang='lat' dir='ltr'><strong>num</strong></span> <span class='ocrx_word' id='word_1_172' title='bbox 434 4981 470 5026; x_wconf 89' lang='lat' dir='ltr'><strong>re</strong></span> <span class='ocrx_word' id='word_1_173' title='bbox 494 4979 577 5025; x_wconf 86' lang='lat' dir='ltr'><strong>vera</strong></span> <span class='ocrx_word' id='word_1_174' title='bbox 601 4956 800 5028; x_wconf 83' lang='lat' dir='ltr'><strong>interillos</strong></span> <span class='ocrx_word' id='word_1_175' title='bbox 824 4961 1020 5043; x_wconf 77' lang='lat' dir='ltr'><strong>,optimorum</strong></span> <span class='ocrx_word' id='word_1_176' title='bbox 1042 4961 1240 5043; x_wconf 70' lang='lat' dir='ltr'><strong>scriptorum’</strong></span> <span class='ocrx_word' id='word_1_177' title='bbox 1263 4961 1377 5032; x_wconf 89' lang='lat' dir='ltr'><strong>libros</strong></span> <span class='ocrx_word' id='word_1_178' title='bbox 1394 4961 1510 5054; x_wconf 86' lang='lat' dir='ltr'><strong>luerit,</strong></span> <span class='ocrx_word' id='word_1_179' title='bbox 1535 4964 1598 5051; x_wconf 91' lang='lat' dir='ltr'><strong>qui</strong></span> 
     </span>
    </p>
   </div>
   <div class='ocr_carea' id='block_1_7' title="bbox 0 0 1723 5556">
    <p class='ocr_par' dir='ltr' id='par_1_10' title="bbox 0 0 1723 5556">
     <span class='ocr_line' id='line_1_23' title="bbox 0 0 1723 5556; baseline 0 0"><span class='ocrx_word' id='word_1_180' title='bbox 0 0 1723 5556; x_wconf 95' lang='lat' dir='ltr'><strong> </strong></span> 
     </span>
    </p>
   </div>
  </div>
 </body>
</html>
