3420 5556
847 319 864 381 l

211 519 400 588 Praeterea
421 520 556 604 factum
582 514 640 590 ¹est
662 520 937 590 Reitzensteinii
961 534 996 588 et
1018 519 1233 606 Kiesslingii
1255 521 1520 600 benevolentia,
1546 527 1586 589 ut

123 622 255 692 codicis
279 623 313 690 V
337 646 478 711 quoque
510 647 606 694 nova
635 625 839 706 collatione,
873 646 980 710 quam
1009 624 1198 710 Kiessling
1229 625 1381 695 confecit
1409 628 1465 694 uti
1496 624 1587 694 mihi

44 791 47 797 .
123 727 254 796 liceret.

229 849 283 917 De
306 851 431 916 ceteris
456 846 638 917 codicibus
664 848 780 918 denuo
805 848 928 917 collati
953 857 1038 917 sunt
1060 850 1100 916 hi
1122 848 1206 918 loci:

233 978 260 1038 1.
308 968 440 1037 codicis
455 970 814 1039 Ashburnhamensis
829 970 891 1052 (A)
906 992 994 1038 saec.
1009 970 1046 1040 X
1067 972 1225 1039 ineuntis
1239 975 1393 1049 (auctore
1405 969 1582 1066 Dziatzko

122 1075 425 1163 palaeographicae
459 1074 593 1142 latinae
628 1077 665 1140 in
700 1077 825 1160 primis
860 1077 1008 1160 pe1·ito):
1050 1080 1086 1153 6;
1127 1078 1267 1154 21-22,
1288 1080 1325 1154 2;
1360 1081 1501 1154 32-33,
1524 1082 1583 1154 11;

123 1183 405 1260 35,11-37,9;
459 1183 717 1257 39,7-40,4;
770 1183 1027 1258 43,1-43,8;
1078 1184 1212 1257 93,14;
1264 1184 1584 1260 100,15-102,4;

125 1287 349 1363 1037-104,
363 1285 398 1362 ῖς
424 1285 725 1361 123,11—124,3;
751 1287 856 1361 ttae
880 1304 995 1368 usque
1020 1281 1064 1349 ad
1087 1281 1196 1350 finem
1221 1283 1391 1363 (contulit
1413 1284 1582 1353 Reitzen-

123 1389 252 1471 stein);
277 1392 330 1468 66,
346 1391 484 1461 16-96.
499 1390 540 1453 15
564 1383 734 1464 (contulit
759 1384 799 1452 G.
826 1384 1066 1470 Consbruch).

226 1494 255 1558 2.
304 1490 436 1559 codicis
471 1489 659 1558 Ursiniaui
695 1487 761 1572 (U)
801 1511 890 1557 saec.
925 1490 1013 1558 XII:
1051 1495 1305 1570 18,3-2t,10;
1344 1498 1397 1572 49,
1413 1497 1593 1573 6--51,6;Ν

124 1599 308 1675 73,5—tt;
323 1602 364 1663 10
389 1593 558 1677 (contulit
580 1592 852 1678 Reitzenstein).

228 1705 256 1767 3.
304 1697 436 1768 codicis
461 1697 662 1765 Florentini
687 1698 748 1780 (F)
774 1718 864 1765 saec.
889 1697 962 1766 XII
987 1699 1146 1782 (auctore
1170 1699 1384 1784 Dziatzko):
1420 1705 1586 1780 1—10,6;

124 1807 178 1883 34,
192 1807 310 1883 8-35,
324 1810 362 1883 3;
387 1809 439 1882 73,
453 1807 603 1888 5-74,t
617 1827 624 1882 ;
649 1807 700 1879 75,
714 1807 798 1870 5-7
802 1809 832 1882 9,
847 1806 867 1869 5
893 1803 1064 1886 (contulit
1085 1803 1358 1886 Reitzenstein).

227 1913 257 1973 4.
305 1906 437 1975 codicis
461 1905 704 1990 Rhedigerani
728 1910 769 1973 57
796 1905 887 1990 (Rh)
912 1929 1001 1976 saec.
1019 1908 1101 1988 XV,
1124 1930 1145 1976 a
1170 1907 1387 1976 Schneidero
1414 1907 1584 1977 adhibiti:

125 2015 278 2091 1-18‚2
303 2009 474 2093 (contulit
496 2009 767 2094 Reitzenstein).

226 2132 390 2201 Accessit
420 2131 575 2218 denique
606 2136 908 2201 commentatione
940 2155 1020 2202 mea
1049 2136 1121 2201 iam
1155 2132 1317 2202 confecta
1346 2131 1459 2199 codex
1490 2133 1585 2202 Mus.

124 2235 230 2305 Borb.
255 2235 308 2303 IV
332 2258 359 2303 c.
385 2236 421 2303 Π
447 2237 503 2318 (B)
528 2258 616 2304 saec.
641 2236 714 2304 XII
748 2239 907 2306 ineuntis
946 2237 1065 2305 adhuc
1099 2258 1174 2306 non
1209 2234 1423 2316 adhibitus,
1442 2235 1485 2304 de
1515 2259 1614 2327 quo¹

123 2343 281 2426 primum
305 2342 589 2428 subscriptiones
622 2343 784 2410 enotavit
807 2340 994 2422 Dziatzko,
1025 2339 1153 2409 deinde
1178 2348 1335 2410 extrema
1364 2343 1398 2410 b.
1423 2341 1480 2409 Af.
1508 2349 1585 2411 octo

124 2446 243 2530 capita
279 2443 322 2511 G.
354 2443 498 2514 Koertii
531 2446 696 2532 precibus
730 2452 931 2514 commotus
957 2445 1111 2515 contulit
1140 2445 1238 2524 Mau,
1276 2451 1471 2532 postremo,
1505 2467 1587 2514 cum

124 2550 197 2616 iam
236 2551 335 2635 typis
369 2552 520 2636 exprimi
551 2550 639 2617 haec
672 2552 925 2618 commentatio
961 2556 1089 2636 coepta
1122 2557 1227 2631 esset,
1259 2553 1366 2617 etiam
1389 2551 1588 2635 primorum

123 2656 257 2740 viginti
286 2656 444 2740 capitum
472 2654 719 2722 Reitzenstein
742 2652 973 2722 collationem
996 2676 1136 2723 mecum
1161 2656 1450 2732 communicavit,
1480 2674 1588 2738 quam

122 2757 276 2826 confecit
298 2755 357 2825 W.
381 2756 497 2826 Kroll.

234 2878 289 2946 De
313 2883 431 2948 cuius*
441 2879 574 2947 codicis
598 2881 808 2946 auctoritate
839 2885 874 2945 et
905 2881 1041 2964 origine
1073 2883 1110 2947 in
1141 2878 1338 2966 appendice
1370 2880 1480 2947 verba
1510 2877 1586 2946 feci.

122 2984 314 3052 Lectiones
345 3005 429 3053 vero
462 2987 538 3052 eius
571 3004 652 3050 cum
687 2985 823 3060 ceteris
859 3003 949 3068 quae
983 2987 1022 3051 in
1053 2982 1309 3053 collationibus
1341 2985 1586 3062 inveniuntur,

125 3087 291 3156 codicum
325 3087 556 3164 lectionibus,
591 3094 631 3154 ut
666 3107 706 3156 eo
741 3084 883 3154 facilius
917 3086 1130 3173 perlustrari
1159 3093 1318 3175 possent,
1362 3090 1401 3154 in
1435 3087 1587 3155 formam

121 3199 322 3280 apparatus
341 3195 454 3260 critici
470 3191 600 3276 redegi,
617 3194 675 3258 cui
690 3200 830 3259 textum
847 3191 984 3259 subieci
1008 3191 1176 3260 editionis
1189 3188 1395 3258 Woelfflini
1411 3189 1586 3274 neglectis

121 3297 261 3365 scilicet
294 3303 329 3364 et
359 3300 461 3366 uncis
494 3303 529 3365 et
560 3296 679 3364 verbis
703 3317 765 3381 per
790 3293 956 3380 obliquas
980 3296 1119 3364 litteras
1151 3297 1195 3364 ab
1221 3294 1418 3363 editoribus
1443 3292 1585 3362 additis.

49 3394 52 3399 ’
121 3402 297 3488 Reliquas
332 3401 503 3470 codicum
519 3399 643 3468 AUF
674 3399 857 3477 lectiones,
892 3421 945 3467 ne·
966 3420 1094 3486 parum
1121 3399 1229 3486 pleno
1264 3407 1440 3486 apparatu
1475 3400 1587 3467 nimia

120 3505 328 3591 legentibus
366 3507 545 3574 tribuatur
585 3524 702 3590 opera,
746 3524 788 3571 ex
834 3501 1299 3572 editionibusWoelfflini
1333 3510 1368 3570 et
1404 3502 1585 3571 Duebneri

125 3631 168 3679 su
219 3611 300 3680 levi.

169 3631 270 3799 ppln
283 3752 354 3818 quo
374 3737 549 3817 apparatu
562 3751 697 3809 omnes,
711 3749 800 3815 quae
813 3749 857 3796 ex
869 3727 899 3795 P
910 3728 940 3795 L
951 3727 1015 3811 V1)
1025 3728 1172 3796 ulNDo
1190 3727 1388 3796 afferuntur
1401 3725 1585 3805 lectiones,

67 3838 70 3845 '
124 3857 169 3904 ex
185 3834 452 3906 collationibus
477 3837 609 3903 nostris
634 3837 766 3920 petitae
791 3840 893 3913 sunt;
918 3832 961 3901 de
985 3834 1018 3900 A
1039 3831 1073 3898 U
1093 3833 1133 3911 F,
1164 3854 1255 3920 quae
1285 3830 1402 3900 denuo
1435 3829 1587 3900 collatae

123 3948 221 4020 sunt,
245 3943 348 4025 signo
371 3937 469 4020 *(Α*
482 3938 535 4005 U*
548 3936 613 4022 F*)
638 3937 864 4006 denotantur.
919 3937 962 4004 In
995 3940 1130 4017 ceteris,
1162 3936 1258 4024 quod
1290 3940 1417 4032 attinet
1447 3932 1586 4003 codices

19 4055 21 4059 ’
123 4043 202 4113 UF
224 4052 325 4113 totus
342 4041 481 4130 pendeo
501 4041 740 4122 aDuebnero,
758 4044 930 4128 quoniam
945 4039 1138 4110 Woelfflin
1155 4048 1190 4110 et
1206 4045 1294 4128 ipse,
1318 4060 1409 4128 quae
1427 4038 1586 4118 adnotat,

123 4148 315 4218 Duebnero
339 4147 481 4217 videtur
512 4146 639 4216 debere
668 4155 711 4227 et,
736 4153 788 4227 ,ut
818 4145 1039 4232 despiciebat
1072 4144 1156 4215 illos
1193 4144 1343 4225 codices,
1378 4147 1430 4211 ita
1459 4144 1517 4213 vel
1547 4146 1585 4212 in

126 4261 303 4340 apparatu
325 4252 498 4322 lectiones
524 4273 645 4320 eorum
670 4254 882 4338 saepissime
907 4253 1038 4318 omisit.

117 4495 337 4549 perspexeram,
357 4476 516 4535 contulisse
535 4493 617 4546 capre
634 4475 696 4544 sero
720 4473 824 4546 oeque
836 4493 882 4533 rue
901 4473 979 4533 reiicit
1004 4473 1152 4543 cortonam,
1181 4472 1258 4543 quod
1284 4471 1406 4540 adderet,
1432 4470 1585 4541 reliquisse

81 4590 85 4596 ·
122 4564 253 4634 affirmo.
292 4564 549 4634 statuentibus
568 4561 705 4631 dictitent,
725 4562 958 4632 ouumqoomtz
976 4561 1151 4619 nostratem.
1170 4564 1244 4618 recte
1262 4558 1368 4617 codicis
1387 4558 1521 4617 lectiones
1539 4577 1587 4616 zue

120 4651 290 4711 exhibuisse
308 4651 430 4721 confido.
454 4683 478 4691 -
502 4651 560 4709 His
578 4651 671 4720 igitur
687 4650 762 4708 locis
781 4648 975 4707 <habitationis
994 4652 1096 4706 uotam
1122 4648 1235 4717 etipse
1253 4645 1459 4705 Reitzenstein
1484 4651 1515 4703 et
1533 4662 1587 4715 ego

120 4739 221 4800 adseri
244 4739 349 4799 simus.

222 4757 247 4895 1¹))
266 4826 334 4887 Nisi
360 4826 440 4897 quod
462 4825 554 4884 huius
577 4823 722 4882 lectiones
746 4823 877 4882 dilucido
902 4822 1053 4881 Duebneri
1077 4821 1250 4880 testimonio
1278 4826 1381 4879 contra
1405 4818 1582 4888 Kiesslingii

121 4914 279 4975 silentium
296 4916 440 4984 firmatas
459 4918 494 4971 ut
511 4930 565 4982 par
583 4918 654 4980 erat,
674 4912 707 4969 in
724 4915 899 4982 apparatum
918 4910 1026 4978 recepi.
