3420 5556
228 1705 522 1839 Commentarius
547 1766 709 1836 debello
734 1767 854 1836 Africo
881 1766 1058 1853 quomodo
1088 1770 1137 1836 611
1161 1775 1259 1838 66166
1286 1777 1393 1854 atque
1417 1769 1580 1839 Caesaris

121 1875 387 1945 commentariis
417 1870 620 1958 adjunctus,
656 1879 690 1940 et
725 1874 805 1957 quis
841 1873 1102 1958 conscripserit,
1138 1871 1354 1942 iamdudum
1384 1877 1452 1942 viri
1488 1875 1584 1945 docti

18 1993 47 2065 J
121 1978 292 2064 indagare
327 1974 551 2046 studuerunt.
607 1975 661 2043 Ac
688 1997 802 2061 nuper
838 1973 879 2044 G.
912 1974 1097 2061 Landgraf
1128 1984 1162 2044 et
1194 1976 1234 2044 Ε.
1266 1973 1466 2058 Woelfflin,
1502 2001 1584 2049 cum

122 2082 217 2150 hane
240 2104 314 2151 rem
338 2080 455 2149 16666
480 2087 684 2157 tractarent,
712 2078 820 2164 longe
850 2080 893 2147 de
917 2083 976 2149 via
998 2083 1083 2148 trita
1114 2079 1343 2150 deflexerunt.
1398 2082 1584 2168 Landgraf

49 2178 51 2184 ¹
119 2190 218 2255 enim
233 2190 271 2255 in
284 2187 582 2255 commentatione
595 2205 661 2252 sua
676 2234 693 2261 „
703 2183 978 2279 Uutcrsucbunpea
988 2204 1028 2248 aa
1045 2183 1161 2248 066666
1172 2185 1240 2248 oud
1250 2185 1357 2249 661666
1368 2187 1586 2253 166166166661

119 2290 475 2370 tandemauctorem
498 2287 586 2357 belli
609 2289 722 2356 Africi
751 2291 933 2356 invenisse
963 2291 1034 2358 sibi
1057 2288 1209 2368 videtur,
1231 2287 1433 2370 Woelfflin,
1465 2297 1527 2379 qui
1552 2298 1584 2362 ei

121 2393 378 2481 adstipulatur,
424 2415 557 2461 novam
599 2396 637 2460 in
680 2393 836 2462 editione
875 2396 978 2476 sual)
1017 2392 1225 2462 recensendi
1263 2398 1360 2464 viam
1398 2400 1583 2481 ingressus

121 2506 262 2567 textum
297 2500 544 2568 commentarii
578 2497 647 2564 hoe
682 2497 787 2566 modo
821 2497 901 2565 vult
935 2501 1163 2576 constituere,
1199 2506 1240 2566 61
1276 2499 1398 2569 Asinio
1429 2501 1584 2572 Polione

119 2603 257 2686 dignus
282 2625 360 2671 6666
384 2600 555 2670 videatur.

213 2707 473 2776 Gravissimam
508 2706 601 2772 hanc
637 2708 883 2790 quaestionem
921 2706 964 2774 de
998 2715 1140 2776 auctore
1176 2707 1264 2777 belli
1294 2708 1408 2778 Africi
1438 2715 1509 2779 nisi
1540 2734 1584 2783 ex

123 2832 205 2896 6666
231 2813 476 2880 commentarii
500 2830 662 2878 sermone
687 2818 848 2877 accurate
871 2819 1056 2898 perspecto
1074 2811 1262 2880 diiudicari
1279 2834 1352 2881 non
1367 2835 1474 2899 66666
1491 2819 1583 2884 inter

120 2937 250 2985 omnes
276 2921 425 2984 constat.
474 2911 553 2994 Qua
577 2913 620 2981 de
644 2934 752 2982 causa
776 2919 858 2982 ante
884 2919 1004 2983 omnia
1029 2937 1119 3001 opus
1145 2925 1209 2995 est,
1234 2926 1273 2986 ut
1297 2922 1401 2986 certis
1427 2922 1579 3005 quibus-

117 3019 207 3088 dam
229 3022 432 3090 rationibus
448 3027 568 3087 textus
593 3022 839 3106 commentarii
862 3027 1097 3099 recenseatur,
1120 3040 1235 3108 neque
1251 3021 1334 3090 licet
1351 3044 1393 3090 ex
1412 3027 1581 3110 opinione

114 3123 165 3192 <de
191 3128 346 3192 auctoris
370 3125 516 3192 nomine
540 3127 646 3208 capta
669 3121 712 3190 de
737 3121 912 3208 dignitate
944 3123 1107 3194 codicum
1139 3134 1173 3194 et
1202 3125 1327 3195 devia
1359 3132 1578 3198 recensionis

116 3227 418 3297 16116166616666.
464 3227 638 3295 Rationes
663 3250 745 3297 vero
771 3235 884 3296 certas
909 3228 1117 3296 recensendi
1142 3229 1260 3298 adhue
1283 3253 1356 3299 non
1381 3253 1458 3299 esse
1483 3253 1580 3301 com·
1643 3227 1645 3232 ’

62 3416 71 3427 .
121 3340 242 3419 666166
268 3355 311 3401 ex
334 3336 415 3420 ipsa
430 3330 637 3400 Woelfflini
653 3332 808 3402 editione
825 3331 928 3401 facile
945 3336 1182 3416 cognoscitur,
1207 3338 1339 3422 quippe
1357 3340 1429 3421 qui,
1453 3358 1581 3422 quam-

117 3456 232 3524 quam
255 3441 293 3506 in
316 3438 423 3506 rebus
454 3439 680 3521 gravissimis
711 3436 818 3522 longe
848 3459 869 3504 a
898 3441 1022 3505 ceteris
1047 3436 1208 3518 discedit,
1243 3448 1395 3508 stemma
1419 3439 1580 3509 codicum

119 3541 241 3610 adhuc
275 3564 349 3610 non
384 3548 610 3628 perspectum
645 3563 722 3610 esse
764 3546 840 3628 ipse
883 3541 1137 3620 confiteaturb.
1196 3544 1376 3630 imprimis
1423 3544 1580 3613 codicem

120 3644 335 3714 Leidensem
367 3648 456 3712 satis
485 3649 606 3731 magni
631 3667 651 3713 a
674 3647 890 3732 Nipperdeio
916 3655 950 3715 et
973 3647 1164 3715 Duebnero
1198 3651 1438 3728 aestimatum,
1471 3671 1579 3734 quem

116 3749 260 3818 Meusel
292 3758 333 3819 61
364 3771 408 3819 ex
430 3749 601 3818 Thuaneo
631 3749 850 3837 descriptum
880 3751 987 3837 plane
1017 3750 1258 3838 spernendum
1292 3774 1370 3821 esse
1393 3752 1581 3837 66666113),

119 3851 317 3935 Woelfflin
339 3858 454 3942 primo
479 3853 557 3924 1666
581 3859 692 3941 ponit.

187 3958 250 4028 ¹In
274 3980 381 4046 quam
405 3981 479 4027 rem
503 3981 584 4028 cum
608 3962 832 4045 inquirerem,
863 3958 906 4028 de
935 3962 1024 4046 ipsis
1050 3959 1213 4030 codicum
1242 3960 1459 4032 lectionibus
1491 3984 1580 4030 num

117 4066 209 4133 satis
226 4069 416 4142 constaret,
439 4067 478 4131 in
502 4065 768 4133 dubitationem
793 4063 969 4133 adductus
994 4087 1084 4134 sum.
1126 4064 1467 4135 Animadvertebam
1484 4069 1580 4133 enirn

114 4174 153 4236 et
184 4189 318 4237 novam
348 4168 480 4236 codicis
511 4166 700 4237 Leidensis
732 4167 973 4247 collationem,
1009 4190 1116 4255 quam
1139 4168 1362 4255 perfecerunt
1384 4167 1579 4237 Woelfflin
1673 4235 1675 4238 ,

227 4376 246 4443 ¹)
267 4375 298 4433 Ο.
326 4374 413 4434 Asini
441 4375 573 4434 Polionis
599 4376 636 4434 de
660 4374 737 4433 bello
756 4375 859 4434 Africo
878 4375 1119 4434 commentarius
1160 4375 1387 4434 Recensuerunt
1416 4381 1472 4434 etc.
1519 4375 1577 4433 111.

116 4459 277 4520 Woelfflin
295 4467 326 4520 et
342 4462 477 4522 Adamus
496 4458 676 4521 Miodor'rski.

224 4549 246 4618 ἰ1
266 4549 311 4607 Of.
330 4550 421 4620 praef.
441 4569 469 4621 p.
488 4549 571 4608 XIV.
615 4550 755 4609 Ceterum
780 4568 850 4608 cum
874 4549 1011 4607 diffidere
1036 4548 1172 4606 videatur
1190 4548 1348 4607 Woelfflin
1369 4548 1579 4607 collationibus

114 4635 277 4705 Duebneri,
298 4640 465 4696 statuamus
481 4641 598 4707 oportet
615 4641 733 4697 veteres
751 4637 869 4696 codices
889 4655 959 4695 eum
977 4653 1159 4706 quamquam
1180 4653 1241 4694 non
1260 4635 1325 4694 sine
1343 4635 1461 4694 mendis
1478 4640 1580 4694 tamen

115 4723 191 4782 satis
210 4724 370 4792 diligenter
388 4723 552 4782 contulisse
577 4724 766 4794 (Leidensem
791 4742 852 4781 non
874 4722 966 4782 semel
984 4721 1096 4781 rectius
1115 4722 1285 4792 exscripsit,
1312 4741 1403 4792 qrram
1420 4721 1581 4781 Woelfflin

106 4815 146 4869 -et
165 4806 359 4881 Miodor'rski),
378 4811 411 4869 in
429 4810 599 4870 recentibus
618 4828 691 4869 sane
709 4810 737 4870 61
754 4810 819 4869 iure
838 4810 967 4868 diffidas.

220 4901 241 4970 ⁸)
259 4897 499 4958 Jahresberichte
517 4896 545 4955 1.
564 4897 636 4968 phil.
656 4897 783 4956 Vereins
803 4901 879 4966 1885,
898 4915 926 4966 6,
948 4902 1005 4955 176.
