3420 5556
831 478 871 541 8⁸1

40 677 43 680 ’
121 676 310 752 admiratio
343 679 487 749 Caesari
518 681 687 749 tribuitur
715 681 856 749 merita:
896 680 939 742 At
969 680 1043 744 berec
1072 701 1135 744 aon
1162 698 1405 763 persecurum,
1440 702 1510 744 cam
1541 674 1578 743 de

120 781 200 845 culto
220 783 499 866 prosperatorem,
530 781 584 846 scd
604 781 742 846 attrabat
762 783 925 866 praeditus
947 783 1079 847 scientia
1095 781 1228 860 bellandi
1250 785 1285 848 ta
1298 785 1455 867 practorio
1472 783 1579 848 sedeas

59 957 62 963 .
118 905 174 968 pcr
189 885 396 967 speculatores
416 890 445 950 et
460 886 589 950 peucetios
601 884 782 968 imperabat,
805 906 886 967 qaae
906 886 977 965 picei
999 886 1116 967 colebat
1140 887 1244 967 (scil,
1269 894 1309 956 ut
1332 887 1465 965 milites
1485 885 1577 955 redi-

121 995 200 1057 rent
237 995 343 1075 atque
381 1012 447 1058 suo
487 992 637 1076 quisque
675 987 753 1057 loeo
791 996 939 1076 paratus
985 997 1214 1078 armatusque
1258 998 1402 1077 praesto
1439 992 1577 1071 assati).

123 1091 288 1161 Alterum
317 1097 519 1180 exponitur,
551 1113 659 1178 quam
690 1098 792 1160 tutus
825 1092 956 1162 Caesar
991 1095 1028 1160 in
1060 1097 1185 1162 castris
1210 1093 1316 1163 luerit
1349 1096 1392 1189 ab
1418 1094 1579 1178 hostium

122 1198 399 1267 incursionibus.
448 1195 659 1265 Delenditur
682 1198 776 1264 enim
793 1199 948 1265 maxime
964 1197 1431 1293 ipsorumadversariorum
1450 1199 1581 1265 inertia

125 1306 230 1385 atque
256 1303 367 1370 animi
383 1301 644 1380 conscientia¹)‚
669 1301 800 1386 quibus
817 1321 978 1380 recoquunt
996 1303 1088 1364 taeta
1103 1305 1275 1384 suppeteret
1291 1301 1438 1364 victoriae
1452 1301 1579 1380 rideretur,

124 1407 160 1464 at
197 1407 301 1466 castro
337 1425 397 1468 sao
434 1403 554 1467 adoriri
587 1403 744 1480 (traderent,
780 1410 857 1471 tum
893 1426 958 1473 suo
994 1406 1140 1473 nomina
1176 1406 1468 1492 auctoritateque,
1503 1410 1581 1473 tum

124 1509 275 1591 egregiis
299 1507 563 1577 munitionibus
588 1512 797 1585 castrorum,
820 1528 900 1587 quoe
921 1507 969 1570 ccl
989 1508 1057 1571 sinc
1073 1508 1284 1588 defensoribus
1300 1508 1421 1571 aditura
1437 1509 1581 1572 adverso·

122 1610 182 1672 etis
201 1610 404 1693 prohibebant
427 1615 481 1693 (i),
511 1617 546 1678 et
568 1616 706 1697 praeter
733 1610 821 1678 haec
853 1614 973 1680 omnia
1004 1613 1112 1679 etiam
1144 1612 1282 1688 telorum,
1310 1633 1390 1693 qaae
1414 1612 1456 1674 od
1478 1612 1581 1692 defea-

123 1714 255 1778 deadaea
288 1715 384 1778 soleat
415 1715 538 1797 puroet,
574 1715 808 1801 (quamquam
844 1736 887 1783 ex
922 1717 1077 1783 auctoris
1113 1717 1316 1784 narratione
1351 1719 1402 1784 eis
1435 1718 1580 1785 omnino

124 1839 197 1887 non
223 1840 313 1905 opus
338 1822 424 1897 erat]
446 1839 593 1900 acceptiora
616 1818 735 1900 copiaco
763 1818 900 1882 babebat.
938 1857 977 1864 κ
1014 1819 1120 1886 atsi
1151 1826 1251 1887 tanta
1275 1830 1362 1888 sunt
1385 1819 1580 1889 adversarii

124 1925 252 1990 inertia
282 1930 389 2009 atque
419 1925 619 1990 concientia
655 1924 775 2003 animi,
811 1945 872 1990 cur
897 1923 1028 1991 Caesar
1061 1925 1099 1989 in
1128 1925 1202 1991 acie
1234 1944 1315 1991 cum
1344 1926 1394 1991 eis
1419 1944 1580 2010 pugnare

122 2048 197 2095 non
220 2026 350 2095 audet?
387 2064 424 2071 -
464 2025 608 2093 Scilicet
632 2030 759 2108 propter
781 2027 932 2091 exercitas
954 2027 1006 2090 sai
1033 2027 1207 2108 proesentis
1235 2027 1425 2108 prccccitotcoc
1455 2031 1484 2090 et
1506 2027 1580 2091 tiro-

123 2131 249 2208 cini-cua,
272 2153 335 2195 orca
358 2131 492 2193 bostium
514 2131 545 2192 oi
567 2134 596 2193 et
617 2135 701 2194 coctu
723 2135 897 2195 contractus.
922 2169 963 2176 —
986 2131 1040 2198 Ne
1064 2151 1146 2198 vero
1172 2130 1291 2199 credat
1314 2133 1516 2218 quisquam,
1549 2134 1581 2199 si

125 2234 255 2302 Caesar
287 2238 409 2321 copias
447 2232 631 2302 eduxisset
661 2237 698 2302 in
730 2239 851 2312 aciem,
886 2234 944 2312 vel
974 2235 1050 2303 fieri
1081 2237 1253 2322 potuisse,
1289 2242 1330 2303 ut
1363 2236 1507 2305 inferior
1537 2257 1580 2303 ex

123 2337 258 2425 proelio
284 2337 494 2408 discederet!
541 2337 619 2407 Hoc
641 2337 719 2407 fieri
742 2339 844 2408 nullo
868 2347 972 2426 pacto
996 2348 1124 2426 potest.
1180 2340 1308 2408 lmmo:
1335 2339 1442 2420 Nepae
1466 2341 1580 2404 idcirco

124 2443 229 2526 copias
251 2464 315 2507 reon
336 2445 480 2508 cctrccebat
505 2445 538 2507 in
560 2443 667 2522 aciem,
690 2445 773 2524 qood
793 2445 940 2508 uictoriae
962 2465 1037 2507 secoc
1052 2443 1217 2524 diffideret,
1241 2444 1296 2506 sed
1315 2443 1430 2523 referre
1445 2443 1581 2507 arbitro-

127 2548 228 2626 botar‚
251 2548 423 2611 cuiusmodi
447 2547 576 2611 vieto-rio
604 2552 680 2610 essct
707 2548 836 2627 futtern:
865 2554 954 2631 torpe
984 2549 1066 2611 cretea
1094 2548 1154 2610 sibi
1185 2548 1392 2624 existimabat,
1423 2552 1466 2611 tot
1491 2547 1582 2612 rebeus

123 2651 218 2734 pestis
239 2652 396 2732 tantisque
418 2651 601 2716 exercitibus
623 2651 756 2730 devietis,
786 2656 829 2716 tot
859 2657 924 2716 tanc
955 2651 1050 2715 claris
1079 2653 1217 2715 uictoriis
1242 2653 1354 2734 portis,
1387 2653 1426 2714 ob
1453 2650 1583 2732 reliquis

34 2747 39 2751 ’
125 2756 222 2838 copiis
244 2757 495 2819 (adversariorum
517 2775 644 2820 scoram
667 2761 828 2820 cruentant
851 2755 997 2839 adeptum
1019 2756 1195 2819 existimari
1217 2757 1387 2819 victoria-ra.
1409 2793 1444 2802 -—
1470 2755 1584 2836 ltaque

125 2861 329 2925 corastitacrot
349 2860 482 2942 pluriora
498 2860 776 2941 caccitotioacmqac
791 2881 894 2925 eoram
908 2860 989 2942 poti,
1013 2860 1107 2923 donec
1121 2859 1181 2923 sta·
1196 2862 1413 2923 ueteranorum
1430 2859 1582 2941 leptorraor

124 2985 200 3048 pors
223 2964 331 3046 clipea
353 2965 388 3027 ia
409 2964 541 3027 sectando
564 2964 946 3050 corameotapccarrisset.

229 3067 296 3137 Vel
330 3091 373 3137 ex
404 3068 472 3136 boc
502 3090 574 3138 uno
606 3071 721 3154 capite
750 3071 839 3136 satis
868 3067 1090 3151 intellegitur
1120 3067 1227 3136 fidem
1260 3051 1414 3136 auctoris
1439 3069 1583 3137 Caesari

127 3173 286 3242 oblatam
319 3171 434 3244 multo
464 3170 575 3241 luisse
606 3175 778 3241 maiorem
811 3193 918 3259 quam
949 3175 1133 3257 ingenium
1166 3181 1200 3239 et
1223 3171 1383 3254 studium
1408 3174 1580 3241 veritatis

126 3279 182 3347 Ex
207 3299 278 3364 qua
301 3281 439 3346 ratione
463 3278 570 3345 etiam
595 3276 731 3345 deiide
756 3277 927 3345 historica
950 3276 1059 3344 huius
1084 3279 1330 3346 commentarii
1348 3275 1581 3352 iudicandum

127 3404 204 3451 esse
240 3382 404 3468 equidem
439 3402 650 3468 persuasum
687 3382 814 3461 babeo,
861 3380 898 3449 id
933 3379 1030 3467 quod
1067 3402 1138 3449 uno
1175 3380 1337 3467 exenrplo
1374 3403 1417 3449 ex
1451 3401 1525 3468 cap.
1563 3385 1582 3449 6

126 3490 240 3574 petito
264 3485 475 3556 illustretur.
764 3479 766 3482 ’

201 3590 337 3660 'Hanc
368 3594 460 3659 anim
496 3612 569 3659 rem
601 3593 651 3658 ita
682 3597 804 3658 narrat
832 3591 901 3658 Dio
927 3589 1074 3657 Cassius
1109 3594 1161 3665 42,
1196 3595 1248 3664 58,
1281 3596 1317 3656 4:
1352 3587 1516 3674 προσέβαλε
1546 3593 1587 3672 τῷ

126 3694 312 3780 Ἄῦρομήτῳ,
326 3692 539 3780 ἀποκρουσθεὶς
557 3693 589 3758 δὲ
606 3691 655 3757 καὶ
668 3693 784 3779 προσέτι
805 3691 854 3756 καὶ
872 3695 905 3756 ἐκ
921 3699 972 3756 τοῦ
998 3693 1192 3778 στρατοπέδου
1216 3692 1318 3777 βιαίως
1348 3689 1501 3776 ἐκβληθείς
1524 3695 1582 3754 κτλ.

129 3801 319 3870 conferatis
352 3821 484 3887 quaeso
515 3805 694 3867 auctorem
726 3796 813 3868 belli
837 3797 957 3866 Africi.
1012 3799 1172 3866 Primum
1198 3819 1271 3884 cap.
1298 3803 1318 3866 5
1341 3800 1471 3866 mirum
1495 3803 1583 3883 quot

129 3907 248 3977 verbis
281 3926 456 3992 exponere
495 3904 625 3983 studet,
665 3925 736 3990 qua
768 3902 810 3971 de
845 3923 955 3970 causa
990 3904 1133 3971 Caesari
1170 3923 1234 3965 ecca
1260 3903 1301 3964 sit
1329 3903 1397 3964 oisc
1426 3900 1509 3963 ratio
1543 3900 1585 3963 cut

128 4009 370 4094 oppccpaoadoac
415 4009 562 4092 oppidum
606 4008 824 4075 corrtmoroadc'.
895 4007 1035 4076 Deinde
1069 4028 1143 4093 cap.
1183 4011 1202 4074 6
1237 4014 1357 4073 narrat
1397 4005 1582 4073 Caesarem

129 4115 223 4185 ultro
249 4136 267 4183 e
290 4116 415 4182 castris
446 4134 629 4198 egressum
660 4116 698 4181 in
729 4115 854 4181 itinere
883 4113 927 4181 ab
961 4113 1129 4181 hostibus
1159 4113 1288 4178 vexari.
1344 4110 1427 4195 ipsa
1461 4131 1583 4195 pugna

130 4218 226 4307 apud
261 4226 455 4304 utrumque
490 4224 669 4287 auctorem
705 4216 829 4287 eodem
865 4216 970 4285 modo
1007 4218 1260 4286 committitur:
1297 4213 1481 4282 Caesarem
1518 4216 1584 4281 iter
1682 4271 1691 4277 .

128 4326 316 4393 facientem
352 4323 427 4404 (vel
451 4325 572 4408 potius
608 4344 645 4390 se
668 4322 912 4408 recipientem)
936 4321 1060 4389 hostes
1090 4328 1370 4408 persequuntur;
1405 4317 1583 4405 quomodo

131 4438 207 4498 orta
231 4430 289 4508 sit,
324 4449 471 4514 prorsus
516 4426 653 4495 diverse
696 4433 870 4505 narratur,
911 4425 1129 4494 versimilius
1170 4431 1260 4491 certe
1301 4421 1396 4510 apud
1432 4422 1584 4491 Dionem

131 4533 307 4602 Cassium.
348 4534 389 4600 Iu
414 4534 669 4602 commentario
706 4533 800 4598 enim
827 4533 983 4616 primum
1011 4534 1099 4600 miro
1128 4527 1281 4615 quadarn
1311 4525 1429 4607 modo,
1463 4532 1584 4595 utrum

132 4637 263 4708 Caesar
292 4641 363 4707 iam
387 4639 568 4723 reliquerit
592 4643 708 4704 castra
732 4655 852 4714 necne,
884 4638 922 4703 in
945 4637 1078 4704 incerto
1102 4633 1316 4719 relinquitur
1341 4634 1409 4712 (10,
1435 4636 1452 4699 t
1477 4635 1584 4694 castra

234 4899 258 4966 ¹)
276 4896 321 4956 Da
338 4894 469 4968 peccatis
493 4901 583 4966 atque
602 4894 765 4954 sceleribus
793 4894 1030 4954 adversariorum
1057 4910 1223 4953 sermonem
1251 4911 1318 4952 esse
1341 4891 1460 4950 tolerari
1478 4896 1585 4962 potest,

130 4985 206 5056 ipsis
225 5002 294 5045 saro
312 4981 490 5044 adversariis
509 4987 698 5053 peccatorum
717 4982 929 5042 conscientiam
948 4981 1124 5052 adscribere,
1152 4981 1201 5042 vel
1219 4980 1299 5056 apud
1327 4982 1408 5040 banc
1435 4984 1586 5042 amtorem

131 5077 251 5141 suetum
267 5071 402 5150 ineptiae
420 5071 540 5130 modum
558 5068 685 5134 excedit.
