3420 5556
848 283 868 348 8

232 485 386 572 Signum
407 487 437 555 O
459 487 743 573 intellegendum
767 496 821 556 est
839 489 873 558 A
886 491 902 550 ὃ
915 513 921 527 ·
934 488 964 555 Ρ
977 487 1069 559 LV·
1083 489 1121 557 M
1133 488 1167 555 N
1184 490 1269 568 (scil.
1291 490 1374 560 inde
1393 511 1461 575 ap.
1481 494 1582 568 60,ss

127 593 266 657 timorem
282 588 426 670 coniecti)
442 591 475 659 D
489 591 523 658 U
536 593 566 659 F
577 592 621 676 1);
646 590 721 661 cod.
739 589 1016 676 Rhodigeranus'
1032 601 1067 662 et
1077 593 1301 664 Borbonicus
1320 596 1384 664 ubi
1401 593 1586 673 accedunt,

127 717 290 765 seorsum
306 697 600 765 nominabuntur.
642 695 848 766 Ceterorum
864 701 1070 778 recentium,
1090 719 1241 784 quorum
1259 697 1431 768 lectiones
1448 700 1587 783 passim

125 799 296 884 leguntur
319 804 358 868 in
381 803 565 870 Duebneri
595 808 782 888 apparatu,
812 805 987 871 rationem
1019 823 1093 869 non
1123 801 1247 880 habui,
1279 806 1410 889 quippe
1442 804 1585 888 quibus,

72 894 76 899 ’
126 914 318 992 antequam
345 918 388 975 ex
411 905 529 993 plenis
554 903 812 975 collationibus
839 928 961 975 eorum
986 908 1083 990 origo
1107 909 1263 992 perspici
1284 914 1415 992 potest,
1443 912 1582 992 pertur-

126 1011 274 1080 baretur
296 1015 411 1095 magis
437 1012 599 1097 quaestio
624 1016 759 1088 nostra,
786 1031 894 1096 quam
912 1007 1149 1078 adiuvaretur.
1189 1010 1246 1077 Ex
1263 1032 1335 1078 uno
1352 1010 1585 1090 Levaniensi

127 1117 231 1183 ouius
255 1123 385 1183 natura
402 1137 445 1183 ex
462 1117 524 1193 eis,
548 1135 639 1200 quae
662 1121 771 1182 notae
791 1119 888 1192 sunt,
911 1112 1140 1192 lectionibus,
1164 1117 1253 1182 satis
1277 1117 1502 1201 perspicitur,
1527 1137 1597 1201 eas·

127 1217 299 1288 adnotavi
328 1218 512 1298 lectiones,
544 1220 675 1304 quibus
708 1220 873 1301 congruit
903 1239 983 1286 cum
1007 1218 1040 1286 A
1065 1217 1298 1287 dissentiente
1322 1223 1353 1298 ὃ;
1387 1218 1483 1305 quod
1515 1241 1584 1305 qua

127 1322 170 1390 de
194 1344 302 1391 causa
325 1324 467 1392 fecerim
491 1344 556 1391 suo
581 1322 660 1391 loco
688 1322 881 1409 apparebit.

232 1426 300 1494 Per
323 1427 378 1494 D1
402 1427 625 1512 significatur
648 1430 764 1514 prima
787 1448 916 1495 manus
942 1425 1074 1495 codicis
1100 1427 1131 1493 D
1158 1428 1201 1495 ab
1234 1429 1430 1496 recentium
1463 1427 1584 1498 ordine
1683 1470 1686 1475 -

130 1530 257 1611 aliena,
292 1552 354 1616 per
388 1532 441 1599 D‘·'
473 1535 604 1612 omnia,
636 1553 726 1618 quae
762 1551 981 1617 quamquam
1015 1530 1099 1616 plus
1138 1534 1202 1600 uni
1237 1531 1382 1600 librario
1418 1531 1586 1600 videntur

130 1635 261 1714 deberi,
284 1635 353 1705 hoc
377 1643 497 1703 tamen
521 1635 666 1704 vinculo
691 1640 783 1705 inter
807 1656 845 1704 se
869 1635 1070 1713 cohaerent,
1102 1641 1142 1702 ut
1165 1634 1335 1722 pleraque
1367 1660 1410 1706 ex
1434 1636 1585 1706 codiceo

128 1739 239 1808 simili
263 1743 335 1807 sint
359 1746 511 1807 enotata.
550 1739 625 1810 Ubi
649 1740 834 1808 difficilius
859 1738 1059 1818 videbatur,
1083 1760 1214 1808 manus
1239 1739 1446 1822 discernere,
1470 1745 1583 1825 signis

126 1843 159 1911 D
183 1866 233 1929 pr.
260 1850 294 1911 et
317 1844 349 1911 D
375 1863 459 1912 corr.
484 1867 573 1912 usus
605 1844 731 1929 sum2).
790 1847 873 1914 Non
904 1842 1015 1913 semel
1046 1851 1201 1911 ceterum
1231 1843 1318 1911 adeo
1349 1848 1387 1912 in
1421 1848 1584 1913 minutiis

125 1956 289 2016 versatur
322 1956 494 2016 corrector
528 1948 590 2016 ille
626 1949 752 2030 (velut,
782 1957 823 2019 ut
846 1950 914 2018 hoc
943 1947 1099 2027 afferam,
1132 1969 1232 2017 eraso
1261 1970 1292 2009 00
1316 1951 1446 2019 scribet
1467 1949 1512 2029 Ι),
1544 1957 1586 2017 ut

127 2051 215 2120 talia
239 2051 363 2120 afferre
387 2074 501 2138 neque
524 2057 662 2139 possim
686 2077 801 2141 neque
825 2054 942 2124 velim.

231 2157 274 2224 In
297 2159 404 2226 rebus
430 2157 726 2242 orthographicis
752 2181 797 2226 ne
813 2162 926 2227 nimia
943 2181 1120 2244 nugarum
1137 2161 1240 2243 copia
1256 2163 1450 2243 apparatus
1469 2159 1583 2226 abun-

128 2259 237 2338 daret,
262 2282 369 2346 quam
392 2260 704 2335 moderantissime
728 2262 908 2347 agendum
932 2286 1010 2331 esse
1034 2261 1204 2343 censuit).
1252 2262 1344 2329 Nam
1369 2283 1450 2328 cum
1474 2265 1510 2327 in
1528 2262 1584 2329 his

24 2376 26 2381 “
127 2365 234 2433 rebus
259 2386 362 2432 suam
387 2370 538 2452 quisque
560 2366 730 2436 librarius
756 2376 928 2454 sequatur
951 2364 1261 2444 consuetudinem,v
1283 2403 1325 2411 --
1349 2365 1386 2434 id
1410 2364 1505 2451 quod
1528 2366 1586 2433 vel

126 2472 282 2537 maxime
307 2492 347 2538 eo
373 2470 585 2553 illustratur,
612 2470 709 2557 quod
734 2472 858 2541 eodem
882 2472 990 2540 modo
1015 2475 1053 2541 in
1076 2467 1232 2554 singulis
1256 2468 1439 2538 codicibus
1464 2473 1586 2555 scripti

129 2582 215 2641 sunt
251 2574 414 2644 Caesaris
450 2579 695 2644 commentarii
732 2598 801 2662 quo
839 2576 1092 2664 supplementa
1126 2611 1166 2618 —
1201 2595 1316 2660 noque
1355 2573 1398 2640 de
1433 2578 1586 2641 auctoris

127 2677 308 2747 scribendi
331 2684 479 2759 rationo,
503 2703 618 2767 neque
642 2680 685 2749 de
704 2680 865 2750 codicum
884 2685 1022 2765 origine
1038 2688 1145 2766 atque
1163 2680 1372 2745 auctoritate
1390 2675 1585 2762 quidquam

128 2785 239 2850 exiis
264 2805 371 2868 posse
395 2788 563 2868 cognosci
588 2793 742 2872 apparet.

232 2888 459 2957 Nostratiunr
483 2889 750 2959 emendationes
778 2893 883 2958 omisi
908 2888 952 2957 ad
976 2910 1086 2957 unam
1112 2907 1245 2956 omncs.
1285 2896 1292 2911 '

232 2991 328 3059 Num
352 3000 444 3061 recte
467 2992 605 3063 codices
631 2993 870 3063 ordinaverim
894 2992 1121 3078 familiasque
1146 2989 1362 3068 (licreverim,
1389 2990 1484 3059 infra
1513 2997 1578 3061 erit

129 3094 454 3186 disceptandunrft.

233 3305 254 3371 ¹)
272 3303 399 3360 Punctis
417 3302 603 3372 interpositis
622 3304 837 3362 discernuntur
856 3303 996 3360 lumiliae.

234 3390 254 3456 θ)
274 3390 306 3446 ln
324 3389 430 3448 ceteris
449 3389 609 3465 codicibus,
636 3390 662 3449 si
686 3391 725 3448 ad
743 3391 830 3459 signa
848 3409 891 3460 pr.
912 3395 941 3448 et
960 3407 1034 3447 corr.
1060 3388 1137 3445 nihil
1161 3387 1290 3456 additur,
1316 3387 1441 3447 eandem
1465 3408 1587 3448 manum

128 3477 296 3535 correxisse
316 3477 495 3534 sumendum
514 3483 568 3534 est.
595 3477 632 3534 In
651 3476 906 3535 codiceLeidensi
925 3476 1001 3534 duas
1020 3474 1588 3543 manusnequeReitzensteinioneque

128 3562 205 3620 mibi
223 3563 350 3631 contigit
367 3568 402 3620 ut
420 3562 665 3622 discerneremus.

200 3651 221 3715 8)
241 3649 486 3718 Consonantium,
497 3668 573 3719 qnae
583 3650 701 3718 dicitur,
712 3649 960 3708 assimilationem
971 3649 1044 3707 satis
1058 3654 1105 3707 est
1114 3648 1256 3705 adnotare
1266 3647 1444 3716 plerumque
1453 3645 1588 3702 adbiberi

128 3734 161 3793 in
173 3735 198 3793 L
209 3735 277 3793 MN
288 3735 314 3794 D
325 3739 347 3805 ὃ,
365 3753 426 3794 non
443 3736 577 3795 adhiberi
595 3736 628 3793 in
645 3736 706 3794 ΑΡ
725 3741 756 3793 et
775 3738 846 3795 fort.
880 3735 906 3792 U
917 3735 948 3793 F.
975 3734 1061 3808 Quod
1079 3733 1186 3792 attinet
1205 3738 1290 3792 notas
1309 3733 1377 3791 illas
1396 3750 1492 3801 voces
1511 3751 1586 3801 quae

128 3840 183 3892 per
199 3822 375 3892 compendia
391 3821 481 3880 scribi
492 3822 589 3881 solent
599 3822 693 3892 (velut
703 3822 775 3892 mil,
783 3841 865 3892 poss.
879 3822 1007 3892 verpus„
1018 3840 1057 3891 eq.
1068 3840 1117 3888 ru,
1124 3839 1155 3891 p.
1166 3839 1198 3888 r„
1209 3839 1233 3876 r.
1240 3840 1278 3890 p„
1290 3821 1348 3890 lep„
1359 3818 1507 3887 linimen,
1517 3820 1587 3884 teu,

129 3908 246 3978 quintil.
258 3909 332 3977 oto),
351 3909 384 3966 in
402 3914 546 3978 apparatu
564 3927 614 3967 eas
633 3909 720 3967 modo
732 3909 877 3968 lectiones
896 3909 1043 3977 denotavi,
1069 3926 1146 3978 quae
1165 3926 1183 3965 a
1202 3906 1299 3966 solitis
1325 3906 1509 3976 compendiis
1528 3906 1588 3962 dis-

130 3995 248 4053 cedunt.
280 3995 363 4054 Haec
377 3995 463 4053 enirn
480 3995 657 4066 compendia
674 3995 724 4054 vel
736 3995 768 4053 in
778 3995 999 4065 antiquissimis
1014 3994 1169 4054 codicibus
1186 3994 1262 4052 falso
1281 3993 1437 4052 intellecta
1448 3993 1589 4062 leguntur

130 4082 180 4148 (of.
199 4087 251 4151 3‚4
269 4082 353 4139 utilio
373 4082 453 4151 ΑΡ),
473 4082 514 4140 ita
532 4082 616 4139 utin
634 4082 800 4152 archetypo
819 4099 854 4140 ea
872 4081 1025 4140 exstitisse
1044 4081 1176 4150 colligas.

233 4170 253 4235 ⁴)
273 4169 416 4228 Confecto
443 4170 503 4227 iarn
530 4169 594 4228 hoc·
613 4170 756 4239 opusculo
784 4169 816 4227 in
843 4169 943 4227 lucem
971 4169 1082 4239 prodiit
1109 4167 1272 4226 Moelkenii
1301 4166 1525 4224 commentatio:
1552 4165 1589 4221 la

129 4256 377 4313 saturietatem
395 4255 516 4313 debello
528 4256 668 4324 Africano
687 4255 872 4325 quaestiones
890 4255 1006 4313 criticae
1025 4253 1226 4323 (Arpearoratt
1243 4251 1495 4319 MDCOOXCII).
1529 4251 1589 4309 Sed

129 4359 199 4413 oum
218 4343 379 4412 contigerit
396 4348 430 4400 ut
448 4343 481 4400 in
499 4343 588 4401 rebus
607 4342 720 4401 criticis
741 4342 864 4412 quidem
882 4359 977 4412 pauca
995 4342 1080 4400 nobis
1099 4347 1202 4400 essent
1217 4340 1394 4407 eommunia,
1414 4340 1447 4395 in
1464 4338 1586 4395 adnota-

22 4480 28 4485 .
129 4427 263 4487 tionibus
293 4429 359 4488 eius
387 4429 532 4487 rationem
560 4429 669 4503 habere
693 4429 765 4488 satis
794 4429 860 4486 fuit.
907 4427 989 4500 Quae
1016 4445 1086 4486 vero
1122 4428 1160 4486 de
1184 4427 1304 4496 ingenio
1340 4425 1472 4484 auctoris
1499 4430 1589 4494 atque

129 4515 335 4574 commentarii
355 4533 490 4574 sermone
526 4515 719 4585 expositurus
737 4533 826 4584 eram,
852 4515 993 4585 quoniam
1011 4515 1151 4574 Moellren
1170 4514 1208 4572 de
1226 4514 1274 4571 his
1295 4514 1384 4571 rebus
1403 4513 1478 4570 bene
1501 4516 1591 4580 atque

129 4608 269 4660 accurate
288 4602 439 4670 disseruit,
457 4603 490 4660 in
509 4603 631 4661 brevius
651 4602 797 4660 contraxi.

705 4797 1017 4805 ...—..-——————-———
